<?xml version="1.0" encoding="UTF-8"?>
<!DOCTYPE html PUBLIC "-//W3C//DTD XHTML 1.0 Transitional//EN"
    "http://www.w3.org/TR/xhtml1/DTD/xhtml1-transitional.dtd">
<html xmlns="http://www.w3.org/1999/xhtml" xml:lang="en" lang="en">
 <head>
  <title>
</title>
<meta http-equiv="Content-Type" content="text/html;charset=utf-8" />
  <meta name='ocr-system' content='tesseract 3.04.00' />
  <meta name='ocr-capabilities' content='ocr_page ocr_carea ocr_par ocr_line ocrx_word'/>
</head>
<body>
  <div class='ocr_page' id='page_1' title='image "./quintushoratiusf02horauoft_0278.png"; bbox 0 0 1422 2528; ppageno 0'>
   <div class='ocr_carea' id='block_1_1' title="bbox 167 132 235 164">
    <p class='ocr_par' dir='ltr' id='par_1_1' title="bbox 167 132 235 164">
     <span class='ocr_line' id='line_1_1' title="bbox 167 132 235 164; baseline 0 -1"><span class='ocrx_word' id='word_1_1' title='bbox 167 132 235 164; x_wconf 82' lang='lat'><strong>216</strong></span> 
     </span>
    </p>
   </div>
   <div class='ocr_carea' id='block_1_2' title="bbox 552 137 1197 178">
    <p class='ocr_par' dir='ltr' id='par_1_2' title="bbox 552 137 1197 178">
     <span class='ocr_line' id='line_1_2' title="bbox 552 137 1197 178; baseline 0.012 -11"><span class='ocrx_word' id='word_1_2' title='bbox 552 139 592 178; x_wconf 88' lang='lat' dir='ltr'><strong>Q.</strong></span> <span class='ocrx_word' id='word_1_3' title='bbox 618 137 802 169; x_wconf 75' lang='lat' dir='ltr'><strong>HoRATu</strong></span> <span class='ocrx_word' id='word_1_4' title='bbox 824 139 976 171; x_wconf 78' lang='lat' dir='ltr'>FLACCI</span> <span class='ocrx_word' id='word_1_5' title='bbox 1188 160 1197 175; x_wconf 45' lang='lat' dir='ltr'><strong>t</strong></span> 
     </span>
    </p>
   </div>
   <div class='ocr_carea' id='block_1_3' title="bbox 163 193 1353 1089">
    <p class='ocr_par' dir='ltr' id='par_1_3' title="bbox 165 193 1157 250">
     <span class='ocr_line' id='line_1_3' title="bbox 165 193 1157 250; baseline 0.009 -21"><span class='ocrx_word' id='word_1_6' title='bbox 165 194 245 230; x_wconf 76' lang='lat' dir='ltr'><strong>Nec</strong></span> <span class='ocrx_word' id='word_1_7' title='bbox 256 193 376 231; x_wconf 88' lang='lat' dir='ltr'><strong>recito</strong></span> <span class='ocrx_word' id='word_1_8' title='bbox 395 195 572 245; x_wconf 80' lang='lat' dir='ltr'><strong>cuiquam</strong></span> <span class='ocrx_word' id='word_1_9' title='bbox 585 225 594 242; x_wconf 95' lang='lat'>‚</span> <span class='ocrx_word' id='word_1_10' title='bbox 610 198 684 235; x_wconf 81' lang='lat' dir='ltr'><strong>nisi</strong></span> <span class='ocrx_word' id='word_1_11' title='bbox 704 199 832 236; x_wconf 80' lang='lat' dir='ltr'><strong>amicis</strong></span> <span class='ocrx_word' id='word_1_12' title='bbox 850 200 966 250; x_wconf 85' lang='lat' dir='ltr'><strong>idque</strong></span> <span class='ocrx_word' id='word_1_13' title='bbox 982 208 1135 238; x_wconf 86' lang='lat' dir='ltr'><strong>coactus</strong></span> <span class='ocrx_word' id='word_1_14' title='bbox 1146 227 1157 248; x_wconf 92' lang='lat'><strong>,</strong></span> 
     </span>
    </p>

    <p class='ocr_par' dir='ltr' id='par_1_4' title="bbox 164 253 1237 311">
     <span class='ocr_line' id='line_1_4' title="bbox 164 253 1237 311; baseline 0.01 -23"><span class='ocrx_word' id='word_1_15' title='bbox 164 254 251 290; x_wconf 88' lang='lat' dir='ltr'><strong>Non</strong></span> <span class='ocrx_word' id='word_1_16' title='bbox 271 253 414 300; x_wconf 87' lang='lat' dir='ltr'><strong>ubivis,</strong></span> <span class='ocrx_word' id='word_1_17' title='bbox 430 259 606 294; x_wconf 59' lang='lat' dir='ltr'><strong>eorumve</strong></span> <span class='ocrx_word' id='word_1_18' title='bbox 624 258 870 308; x_wconf 76' lang='lat' dir='ltr'>quibuslibet.</span> <span class='ocrx_word' id='word_1_19' title='bbox 886 282 940 288; x_wconf 89' lang='lat'><strong>—</strong></span> <span class='ocrx_word' id='word_1_20' title='bbox 952 263 995 297; x_wconf 93' lang='lat' dir='ltr'><strong>In</strong></span> <span class='ocrx_word' id='word_1_21' title='bbox 1016 260 1141 298; x_wconf 91' lang='lat' dir='ltr'><strong>medio</strong></span> <span class='ocrx_word' id='word_1_22' title='bbox 1157 261 1237 311; x_wconf 60' lang='lat' dir='ltr'><strong>qu&#39;t</strong></span> 
     </span>
    </p>

    <p class='ocr_par' dir='ltr' id='par_1_5' title="bbox 164 314 1350 370">
     <span class='ocr_line' id='line_1_5' title="bbox 164 314 1350 370; baseline 0.006 -22"><span class='ocrx_word' id='word_1_23' title='bbox 164 314 315 363; x_wconf 86' lang='lat' dir='ltr'>Scripta</span> <span class='ocrx_word' id='word_1_24' title='bbox 336 314 419 351; x_wconf 84' lang='lat' dir='ltr'><strong>foro</strong></span> <span class='ocrx_word' id='word_1_25' title='bbox 439 318 597 353; x_wconf 80' lang='lat' dir='ltr'><strong>recitent</strong></span> <span class='ocrx_word' id='word_1_26' title='bbox 614 328 700 355; x_wconf 88' lang='lat' dir='ltr'><strong>sunt</strong></span> <span class='ocrx_word' id='word_1_27' title='bbox 717 321 846 366; x_wconf 77' lang='lat' dir='ltr'><strong>multi,</strong></span> <span class='ocrx_word' id='word_1_28' title='bbox 864 321 1006 370; x_wconf 84' lang='lat' dir='ltr'><strong>quique</strong></span> <span class='ocrx_word' id='word_1_29' title='bbox 1024 318 1253 369; x_wconf 52' lang='lat' dir='ltr'><strong>lavantes*¹‘·;</strong></span> <span class='ocrx_word' id='word_1_30' title='bbox 1319 331 1350 364; x_wconf 86' lang='lat'><strong>7⁵</strong></span> 
     </span>
    </p>

    <p class='ocr_par' dir='ltr' id='par_1_6' title="bbox 163 374 1118 418">
     <span class='ocr_line' id='line_1_6' title="bbox 163 374 1118 418; baseline 0.009 -9"><span class='ocrx_word' id='word_1_31' title='bbox 163 374 288 410; x_wconf 82' lang='lat' dir='ltr'><strong>Suave</strong></span> <span class='ocrx_word' id='word_1_32' title='bbox 308 374 411 412; x_wconf 89' lang='lat' dir='ltr'><strong>locus</strong></span> <span class='ocrx_word' id='word_1_33' title='bbox 430 376 516 413; x_wconf 83' lang='lat' dir='ltr'><strong>voci</strong></span> <span class='ocrx_word' id='word_1_34' title='bbox 534 387 681 415; x_wconf 84' lang='lat' dir='ltr'><strong>resonat</strong></span> <span class='ocrx_word' id='word_1_35' title='bbox 700 380 908 417; x_wconf 88' lang='lat' dir='ltr'><strong>conclusus.</strong></span> <span class='ocrx_word' id='word_1_36' title='bbox 924 383 1118 418; x_wconf 87' lang='lat' dir='ltr'><strong>—Inanes</strong></span> 
     </span>
    </p>

    <p class='ocr_par' dir='ltr' id='par_1_7' title="bbox 164 433 1232 487">
     <span class='ocr_line' id='line_1_7' title="bbox 164 433 1232 487; baseline 0.009 -20"><span class='ocrx_word' id='word_1_37' title='bbox 164 433 247 468; x_wconf 90' lang='lat' dir='ltr'><strong>Hoc</strong></span> <span class='ocrx_word' id='word_1_38' title='bbox 261 433 390 482; x_wconf 85' lang='lat' dir='ltr'><strong>juvat,</strong></span> <span class='ocrx_word' id='word_1_39' title='bbox 410 434 512 471; x_wconf 73' lang='lat' dir='ltr'><strong>haud</strong></span> <span class='ocrx_word' id='word_1_40' title='bbox 534 436 625 473; x_wconf 88' lang='lat' dir='ltr'><strong>illud</strong></span> <span class='ocrx_word' id='word_1_41' title='bbox 642 447 871 487; x_wconf 77' lang='lat' dir='ltr'><strong>quaerenteS,</strong></span> <span class='ocrx_word' id='word_1_42' title='bbox 894 441 984 476; x_wconf 73' lang='lat' dir='ltr'><strong>num</strong></span> <span class='ocrx_word' id='word_1_43' title='bbox 1002 439 1081 476; x_wconf 77' lang='lat' dir='ltr'><strong>sine</strong></span> <span class='ocrx_word' id='word_1_44' title='bbox 1100 452 1232 486; x_wconf 87' lang='lat' dir='ltr'><strong>sensu,</strong></span> 
     </span>
    </p>

    <p class='ocr_par' dir='ltr' id='par_1_8' title="bbox 164 493 1212 549">
     <span class='ocr_line' id='line_1_8' title="bbox 164 493 1212 549; baseline 0.01 -22"><span class='ocrx_word' id='word_1_45' title='bbox 164 493 352 542; x_wconf 80' lang='lat' dir='ltr'><strong>Tempore</strong></span> <span class='ocrx_word' id='word_1_46' title='bbox 366 498 455 530; x_wconf 72' lang='lat' dir='ltr'><strong>num</strong></span> <span class='ocrx_word' id='word_1_47' title='bbox 472 494 610 533; x_wconf 84' lang='lat' dir='ltr'><strong>faciant</strong></span> <span class='ocrx_word' id='word_1_48' title='bbox 630 499 764 535; x_wconf 78' lang='lat' dir='ltr'><strong>alieno.</strong></span> <span class='ocrx_word' id='word_1_49' title='bbox 786 521 838 526; x_wconf 90' lang='lat'>—</span> <span class='ocrx_word' id='word_1_50' title='bbox 853 499 1007 536; x_wconf 82' lang='lat' dir='ltr'><strong>Laedere</strong></span> <span class='ocrx_word' id='word_1_51' title='bbox 1023 499 1183 549; x_wconf 78' lang='lat' dir='ltr'><strong>gaudes,</strong></span> <span class='ocrx_word' id='word_1_52' title='bbox 1210 502 1212 505; x_wconf 82' lang='lat'>&#39;</span> 
     </span>
    </p>

    <p class='ocr_par' dir='ltr' id='par_1_9' title="bbox 164 549 1259 609">
     <span class='ocr_line' id='line_1_9' title="bbox 164 549 1259 609; baseline 0.009 -22"><span class='ocrx_word' id='word_1_53' title='bbox 164 549 314 601; x_wconf 83' lang='lat' dir='ltr'><strong>Inquit,</strong></span> <span class='ocrx_word' id='word_1_54' title='bbox 333 561 370 589; x_wconf 89' lang='lat' dir='ltr'><strong>et</strong></span> <span class='ocrx_word' id='word_1_55' title='bbox 384 553 456 590; x_wconf 93' lang='lat' dir='ltr'><strong>hoc</strong></span> <span class='ocrx_word' id='word_1_56' title='bbox 474 556 599 592; x_wconf 92' lang='lat' dir='ltr'><strong>studio</strong></span> <span class='ocrx_word' id='word_1_57' title='bbox 620 571 759 607; x_wconf 84' lang='lat' dir='ltr'><strong>pravus</strong></span> <span class='ocrx_word' id='word_1_58' title='bbox 775 559 878 596; x_wconf 83' lang='lat' dir='ltr'><strong>facis.</strong></span> <span class='ocrx_word' id='word_1_59' title='bbox 896 581 949 587; x_wconf 90' lang='lat'><strong>——</strong></span> <span class='ocrx_word' id='word_1_60' title='bbox 968 559 1079 596; x_wconf 66' lang='lat' dir='ltr'><strong>Unde</strong></span> <span class='ocrx_word' id='word_1_61' title='bbox 1097 560 1259 609; x_wconf 87' lang='lat' dir='ltr'><strong>petitum</strong></span> 
     </span>
    </p>

    <p class='ocr_par' dir='ltr' id='par_1_10' title="bbox 163 613 1353 669">
     <span class='ocr_line' id='line_1_10' title="bbox 163 613 1353 669; baseline 0.008 -21"><span class='ocrx_word' id='word_1_62' title='bbox 163 614 247 648; x_wconf 90' lang='lat' dir='ltr'><strong>Hoc</strong></span> <span class='ocrx_word' id='word_1_63' title='bbox 266 613 305 649; x_wconf 89' lang='lat' dir='ltr'><strong>in</strong></span> <span class='ocrx_word' id='word_1_64' title='bbox 322 626 380 650; x_wconf 89' lang='lat' dir='ltr'><strong>me</strong></span> <span class='ocrx_word' id='word_1_65' title='bbox 394 615 490 664; x_wconf 81' lang='lat' dir='ltr'><strong>jacis</strong></span> <span class='ocrx_word' id='word_1_66' title='bbox 510 618 564 652; x_wconf 84' lang='lat'><strong>¹5?</strong></span> <span class='ocrx_word' id='word_1_67' title='bbox 594 619 658 654; x_wconf 86' lang='lat' dir='ltr'><strong>Est</strong></span> <span class='ocrx_word' id='word_1_68' title='bbox 677 628 810 654; x_wconf 84' lang='lat' dir='ltr'><strong>auctor</strong></span> <span class='ocrx_word' id='word_1_69' title='bbox 827 619 911 668; x_wconf 85' lang='lat' dir='ltr'><strong>quis</strong></span> <span class='ocrx_word' id='word_1_70' title='bbox 931 619 1095 669; x_wconf 77' lang='lat' dir='ltr'><strong>denique</strong></span> <span class='ocrx_word' id='word_1_71' title='bbox 1111 631 1265 668; x_wconf 88' lang='lat' dir='ltr'><strong>eorum,</strong></span> <span class='ocrx_word' id='word_1_72' title='bbox 1321 628 1353 653; x_wconf 81' lang='lat'><strong>8⁰</strong></span> 
     </span>
    </p>

    <p class='ocr_par' dir='ltr' id='par_1_11' title="bbox 163 673 1167 727">
     <span class='ocr_line' id='line_1_11' title="bbox 163 673 1167 727; baseline 0.008 -19"><span class='ocrx_word' id='word_1_73' title='bbox 163 673 252 709; x_wconf 73' lang='lat' dir='ltr'><strong>Vixi</strong></span> <span class='ocrx_word' id='word_1_74' title='bbox 270 685 355 710; x_wconf 87' lang='lat' dir='ltr'><strong>cum</strong></span> <span class='ocrx_word' id='word_1_75' title='bbox 376 675 538 723; x_wconf 81' lang='lat' dir='ltr'><strong>quibus?</strong></span> <span class='ocrx_word' id='word_1_76' title='bbox 558 676 762 714; x_wconf 83' lang='lat' dir='ltr'><strong>Absentem</strong></span> <span class='ocrx_word' id='word_1_77' title='bbox 781 679 846 727; x_wconf 83' lang='lat' dir='ltr'><strong>qni</strong></span> <span class='ocrx_word' id='word_1_78' title='bbox 864 679 965 715; x_wconf 90' lang='lat' dir='ltr'><strong>rodit</strong></span> <span class='ocrx_word' id='word_1_79' title='bbox 982 679 1167 727; x_wconf 85' lang='lat' dir='ltr'><strong>amicum,</strong></span> 
     </span>
    </p>

    <p class='ocr_par' dir='ltr' id='par_1_12' title="bbox 166 733 1030 788">
     <span class='ocr_line' id='line_1_12' title="bbox 166 733 1030 788; baseline 0.008 -19"><span class='ocrx_word' id='word_1_80' title='bbox 166 733 243 781; x_wconf 84' lang='lat' dir='ltr'><strong>Qui</strong></span> <span class='ocrx_word' id='word_1_81' title='bbox 260 747 337 770; x_wconf 90' lang='lat' dir='ltr'><strong>non</strong></span> <span class='ocrx_word' id='word_1_82' title='bbox 358 734 548 782; x_wconf 84' lang='lat' dir='ltr'><strong>defendit,</strong></span> <span class='ocrx_word' id='word_1_83' title='bbox 571 738 644 774; x_wconf 83' lang='lat' dir='ltr'><strong>alio</strong></span> <span class='ocrx_word' id='word_1_84' title='bbox 665 739 863 788; x_wconf 82' lang='lat' dir='ltr'><strong>culpante3</strong></span> <span class='ocrx_word' id='word_1_85' title='bbox 887 741 1030 776; x_wconf 86' lang='lat' dir='ltr'><strong>solutos</strong></span> 
     </span>
    </p>

    <p class='ocr_par' dir='ltr' id='par_1_13' title="bbox 164 793 1152 848">
     <span class='ocr_line' id='line_1_13' title="bbox 164 793 1152 848; baseline 0.006 -19"><span class='ocrx_word' id='word_1_86' title='bbox 164 793 240 839; x_wconf 92' lang='lat' dir='ltr'><strong>Qui</strong></span> <span class='ocrx_word' id='word_1_87' title='bbox 260 801 386 844; x_wconf 85' lang='lat' dir='ltr'><strong>captat</strong></span> <span class='ocrx_word' id='word_1_88' title='bbox 404 795 502 832; x_wconf 86' lang='lat' dir='ltr'><strong>risus</strong></span> <span class='ocrx_word' id='word_1_89' title='bbox 521 795 736 843; x_wconf 83' lang='lat' dir='ltr'><strong>hominum,</strong></span> <span class='ocrx_word' id='word_1_90' title='bbox 759 798 971 848; x_wconf 81' lang='lat' dir='ltr'><strong>famamque</strong></span> <span class='ocrx_word' id='word_1_91' title='bbox 993 798 1152 846; x_wconf 85' lang='lat' dir='ltr'><strong>dicacis;</strong></span> 
     </span>
    </p>

    <p class='ocr_par' dir='ltr' id='par_1_14' title="bbox 163 854 1119 907">
     <span class='ocr_line' id='line_1_14' title="bbox 163 854 1119 907; baseline 0.006 -17"><span class='ocrx_word' id='word_1_92' title='bbox 163 854 324 903; x_wconf 76' lang='lat' dir='ltr'><strong>Fingere</strong></span> <span class='ocrx_word' id='word_1_93' title='bbox 343 855 408 904; x_wconf 90' lang='lat' dir='ltr'><strong>qui</strong></span> <span class='ocrx_word' id='word_1_94' title='bbox 430 868 507 892; x_wconf 90' lang='lat' dir='ltr'><strong>non</strong></span> <span class='ocrx_word' id='word_1_95' title='bbox 523 857 602 893; x_wconf 90' lang='lat' dir='ltr'><strong>visa</strong></span> <span class='ocrx_word' id='word_1_96' title='bbox 619 866 759 907; x_wconf 81' lang='lat' dir='ltr'><strong>potest3</strong></span> <span class='ocrx_word' id='word_1_97' title='bbox 780 859 978 896; x_wconf 86' lang='lat' dir='ltr'><strong>commissa</strong></span> <span class='ocrx_word' id='word_1_98' title='bbox 993 868 1119 896; x_wconf 83' lang='lat' dir='ltr'><strong>tacere</strong></span> 
     </span>
    </p>

    <p class='ocr_par' dir='ltr' id='par_1_15' title="bbox 165 913 1352 1028">
     <span class='ocr_line' id='line_1_15' title="bbox 165 913 1352 965; baseline 0.005 -16"><span class='ocrx_word' id='word_1_99' title='bbox 165 914 242 959; x_wconf 89' lang='lat' dir='ltr'><strong>Qui</strong></span> <span class='ocrx_word' id='word_1_100' title='bbox 253 915 400 963; x_wconf 87' lang='lat' dir='ltr'><strong>nequit,</strong></span> <span class='ocrx_word' id='word_1_101' title='bbox 419 913 482 951; x_wconf 86' lang='lat' dir='ltr'><strong>hic</strong></span> <span class='ocrx_word' id='word_1_102' title='bbox 499 916 607 965; x_wconf 77' lang='lat' dir='ltr'><strong>niger</strong></span> <span class='ocrx_word' id='word_1_103' title='bbox 623 927 698 963; x_wconf 88' lang='lat' dir='ltr'><strong>est;</strong></span> <span class='ocrx_word' id='word_1_104' title='bbox 716 917 817 954; x_wconf 89' lang='lat' dir='ltr'><strong>hunc</strong></span> <span class='ocrx_word' id='word_1_105' title='bbox 831 927 871 955; x_wconf 93' lang='lat' dir='ltr'><strong>tu</strong></span> <span class='ocrx_word' id='word_1_106' title='bbox 883 947 892 964; x_wconf 93' lang='lat'><strong>,</strong></span> <span class='ocrx_word' id='word_1_107' title='bbox 913 921 1100 965; x_wconf 83' lang='lat' dir='ltr'><strong>Romane,</strong></span> <span class='ocrx_word' id='word_1_108' title='bbox 1119 926 1264 957; x_wconf 85' lang='lat' dir='ltr'><strong>caveto.</strong></span> <span class='ocrx_word' id='word_1_109' title='bbox 1319 926 1352 952; x_wconf 77' lang='lat'><strong>⁸5</strong></span> 
     </span>
     <span class='ocr_line' id='line_1_16' title="bbox 216 969 1192 1028; baseline 0.01 -19"><span class='ocrx_word' id='word_1_110' title='bbox 216 974 325 1023; x_wconf 78' lang='lat' dir='ltr'><strong>Saepe</strong></span> <span class='ocrx_word' id='word_1_111' title='bbox 343 974 465 1012; x_wconf 82' lang='lat' dir='ltr'><strong>tribus</strong></span> <span class='ocrx_word' id='word_1_112' title='bbox 488 975 592 1013; x_wconf 85' lang='lat' dir='ltr'><strong>lectis</strong></span> <span class='ocrx_word' id='word_1_113' title='bbox 610 976 739 1014; x_wconf 81' lang='lat' dir='ltr'><strong>videas</strong></span> <span class='ocrx_word' id='word_1_114' title='bbox 759 991 908 1015; x_wconf 83' lang='lat' dir='ltr'><strong>coenare</strong></span> <span class='ocrx_word' id='word_1_115' title='bbox 927 969 1131 1028; x_wconf 85' lang='lat' dir='ltr'><strong>quaternos</strong></span> <span class='ocrx_word' id='word_1_116' title='bbox 1144 994 1192 1026; x_wconf 73' lang='grc' dir='ltr'><strong>ιε,</strong></span> 
     </span>
    </p>

    <p class='ocr_par' dir='ltr' id='par_1_16' title="bbox 163 1033 1129 1089">
     <span class='ocr_line' id='line_1_17' title="bbox 163 1033 1129 1089; baseline 0.004 -17"><span class='ocrx_word' id='word_1_117' title='bbox 163 1035 195 1072; x_wconf 90' lang='grc' dir='ltr'><strong>Ε</strong></span> <span class='ocrx_word' id='word_1_118' title='bbox 209 1033 348 1084; x_wconf 91' lang='lat' dir='ltr'><strong>quibus</strong></span> <span class='ocrx_word' id='word_1_119' title='bbox 365 1035 462 1073; x_wconf 90' lang='lat' dir='ltr'><strong>imus</strong></span> <span class='ocrx_word' id='word_1_120' title='bbox 479 1045 566 1074; x_wconf 87' lang='lat' dir='ltr'><strong>avet</strong></span> <span class='ocrx_word' id='word_1_121' title='bbox 587 1038 721 1087; x_wconf 71' lang='lat' dir='ltr'><strong>quzivis</strong></span> <span class='ocrx_word' id='word_1_122' title='bbox 736 1051 937 1089; x_wconf 78' lang='lat' dir='ltr'><strong>aspergere</strong></span> <span class='ocrx_word' id='word_1_123' title='bbox 955 1046 1129 1084; x_wconf 89' lang='lat' dir='ltr'><strong>cunctos,</strong></span> 
     </span>
    </p>
   </div>
   <div class='ocr_carea' id='block_1_4' title="bbox 158 1184 736 2245">
    <p class='ocr_par' dir='ltr' id='par_1_17' title="bbox 158 1184 734 1550">
     <span class='ocr_line' id='line_1_18' title="bbox 158 1184 729 1225; baseline 0.005 -9"><span class='ocrx_word' id='word_1_124' title='bbox 158 1184 204 1216; x_wconf 91' lang='lat' dir='ltr'><strong>lio</strong></span> <span class='ocrx_word' id='word_1_125' title='bbox 231 1191 470 1225; x_wconf 79' lang='lat' dir='ltr'><strong>percurrantur.</strong></span> <span class='ocrx_word' id='word_1_126' title='bbox 508 1187 729 1219; x_wconf 75' lang='lat' dir='ltr'><strong>Familiaritate</strong></span> 
     </span>
     <span class='ocr_line' id='line_1_19' title="bbox 161 1232 730 1272; baseline 0.004 -10"><span class='ocrx_word' id='word_1_127' title='bbox 161 1232 299 1272; x_wconf 83' lang='lat' dir='ltr'><strong>Augusti</strong></span> <span class='ocrx_word' id='word_1_128' title='bbox 336 1232 486 1262; x_wconf 86' lang='lat' dir='ltr'><strong>utebatur</strong></span> <span class='ocrx_word' id='word_1_129' title='bbox 528 1241 640 1263; x_wconf 82' lang='lat' dir='ltr'><strong>cantor</strong></span> <span class='ocrx_word' id='word_1_130' title='bbox 676 1235 730 1264; x_wconf 86' lang='lat' dir='ltr'><strong>ille</strong></span> 
     </span>
     <span class='ocr_line' id='line_1_20' title="bbox 160 1277 732 1320; baseline 0.009 -14"><span class='ocrx_word' id='word_1_131' title='bbox 160 1277 323 1318; x_wconf 76' lang='lat' dir='ltr'><strong>egregiuS,</strong></span> <span class='ocrx_word' id='word_1_132' title='bbox 349 1277 389 1308; x_wconf 86' lang='lat' dir='ltr'><strong>de</strong></span> <span class='ocrx_word' id='word_1_133' title='bbox 406 1288 472 1319; x_wconf 90' lang='lat' dir='ltr'><strong>quo</strong></span> <span class='ocrx_word' id='word_1_134' title='bbox 491 1278 555 1317; x_wconf 77' lang='lat' dir='ltr'><strong>jam</strong></span> <span class='ocrx_word' id='word_1_135' title='bbox 578 1281 642 1320; x_wconf 87' lang='lat' dir='ltr'><strong>egit</strong></span> <span class='ocrx_word' id='word_1_136' title='bbox 655 1281 732 1311; x_wconf 82' lang='lat' dir='ltr'><strong>Nos·</strong></span> 
     </span>
     <span class='ocr_line' id='line_1_21' title="bbox 160 1324 734 1366; baseline 0.005 -12"><span class='ocrx_word' id='word_1_137' title='bbox 160 1330 211 1354; x_wconf 82' lang='lat' dir='ltr'><strong>ter</strong></span> <span class='ocrx_word' id='word_1_138' title='bbox 228 1324 263 1352; x_wconf 90' lang='lat' dir='ltr'><strong>in</strong></span> <span class='ocrx_word' id='word_1_139' title='bbox 285 1325 376 1355; x_wconf 85' lang='lat' dir='ltr'><strong>Satir.</strong></span> <span class='ocrx_word' id='word_1_140' title='bbox 400 1326 468 1361; x_wconf 83' lang='lat'><strong>111,</strong></span> <span class='ocrx_word' id='word_1_141' title='bbox 502 1335 577 1366; x_wconf 84' lang='lat'><strong>129,</strong></span> <span class='ocrx_word' id='word_1_142' title='bbox 593 1326 678 1356; x_wconf 69' lang='lat' dir='ltr'><strong>unde</strong></span> <span class='ocrx_word' id='word_1_143' title='bbox 696 1328 734 1357; x_wconf 90' lang='lat' dir='ltr'><strong>ti-</strong></span> 
     </span>
     <span class='ocr_line' id='line_1_22' title="bbox 162 1368 733 1412; baseline 0.009 -13"><span class='ocrx_word' id='word_1_144' title='bbox 162 1368 314 1400; x_wconf 83' lang='lat' dir='ltr'><strong>mendum</strong></span> <span class='ocrx_word' id='word_1_145' title='bbox 341 1371 451 1400; x_wconf 87' lang='lat' dir='ltr'><strong>fuisset</strong></span> <span class='ocrx_word' id='word_1_146' title='bbox 473 1372 512 1401; x_wconf 85' lang='lat' dir='ltr'><strong>iis</strong></span> <span class='ocrx_word' id='word_1_147' title='bbox 534 1383 615 1412; x_wconf 87' lang='lat' dir='ltr'><strong>quos</strong></span> <span class='ocrx_word' id='word_1_148' title='bbox 639 1374 733 1404; x_wconf 85' lang='lat' dir='ltr'><strong>satira</strong></span> 
     </span>
     <span class='ocr_line' id='line_1_23' title="bbox 163 1416 734 1458; baseline 0.005 -11"><span class='ocrx_word' id='word_1_149' title='bbox 163 1416 337 1447; x_wconf 84' lang='lat' dir='ltr'><strong>Horatiana</strong></span> <span class='ocrx_word' id='word_1_150' title='bbox 382 1417 653 1458; x_wconf 80' lang='lat' dir='ltr'><strong>reprehendisset,</strong></span> <span class='ocrx_word' id='word_1_151' title='bbox 693 1430 734 1450; x_wconf 85' lang='lat' dir='ltr'><strong>ne</strong></span> 
     </span>
     <span class='ocr_line' id='line_1_24' title="bbox 161 1463 734 1504; baseline 0.007 -12"><span class='ocrx_word' id='word_1_152' title='bbox 161 1472 220 1503; x_wconf 87' lang='lat' dir='ltr'><strong>per</strong></span> <span class='ocrx_word' id='word_1_153' title='bbox 246 1463 481 1504; x_wconf 83' lang='lat' dir='ltr'><strong>Hermogenem</strong></span> <span class='ocrx_word' id='word_1_154' title='bbox 502 1464 632 1496; x_wconf 83' lang='lat' dir='ltr'><strong>illorum</strong></span> <span class='ocrx_word' id='word_1_155' title='bbox 656 1466 734 1496; x_wconf 88' lang='lat' dir='ltr'><strong>vitia</strong></span> 
     </span>
     <span class='ocr_line' id='line_1_25' title="bbox 161 1509 561 1550; baseline 0.008 -12"><span class='ocrx_word' id='word_1_156' title='bbox 161 1509 301 1550; x_wconf 79' lang='lat' dir='ltr'><strong>principi</strong></span> <span class='ocrx_word' id='word_1_157' title='bbox 313 1510 561 1542; x_wconf 79' lang='lat' dir='ltr'><strong>innotescerent.</strong></span> 
     </span>
    </p>

    <p class='ocr_par' dir='ltr' id='par_1_18' title="bbox 158 1556 736 2152">
     <span class='ocr_line' id='line_1_26' title="bbox 215 1556 735 1592; baseline 0.008 -7"><span class='ocrx_word' id='word_1_158' title='bbox 215 1561 268 1592; x_wconf 74' lang='lat'><strong>14.</strong></span> <span class='ocrx_word' id='word_1_159' title='bbox 290 1557 450 1586; x_wconf 78' lang='lat' dir='ltr'><strong>Lavantes</strong></span> <span class='ocrx_word' id='word_1_160' title='bbox 467 1567 479 1586; x_wconf 90' lang='lat'><strong>.·</strong></span> <span class='ocrx_word' id='word_1_161' title='bbox 501 1556 623 1587; x_wconf 82' lang='lat' dir='ltr'><strong>balneis</strong></span> <span class='ocrx_word' id='word_1_162' title='bbox 645 1564 735 1589; x_wconf 87' lang='lat' dir='ltr'><strong>uten-</strong></span> 
     </span>
     <span class='ocr_line' id='line_1_27' title="bbox 163 1602 736 1635; baseline 0.007 -4"><span class='ocrx_word' id='word_1_163' title='bbox 163 1605 222 1632; x_wconf 82' lang='lat' dir='ltr'><strong>tes.</strong></span> <span class='ocrx_word' id='word_1_164' title='bbox 233 1618 280 1625; x_wconf 93' lang='lat'><strong>—-</strong></span> <span class='ocrx_word' id='word_1_165' title='bbox 290 1602 392 1632; x_wconf 75' lang='lat' dir='ltr'><strong>Suave</strong></span> <span class='ocrx_word' id='word_1_166' title='bbox 410 1603 499 1633; x_wconf 86' lang='lat' dir='ltr'><strong>Iocus</strong></span> <span class='ocrx_word' id='word_1_167' title='bbox 512 1603 592 1633; x_wconf 82' lang='lat' dir='ltr'><strong>voci</strong></span> <span class='ocrx_word' id='word_1_168' title='bbox 605 1612 736 1635; x_wconf 81' lang='lat' dir='ltr'><strong>resonat</strong></span> 
     </span>
     <span class='ocr_line' id='line_1_28' title="bbox 162 1647 734 1688; baseline 0.007 -11"><span class='ocrx_word' id='word_1_169' title='bbox 162 1647 327 1678; x_wconf 82' lang='lat' dir='ltr'><strong>conclusus</strong></span> <span class='ocrx_word' id='word_1_170' title='bbox 349 1659 360 1678; x_wconf 94' lang='grc'><strong>.·</strong></span> <span class='ocrx_word' id='word_1_171' title='bbox 389 1648 520 1688; x_wconf 85' lang='lat' dir='ltr'><strong>balnea,</strong></span> <span class='ocrx_word' id='word_1_172' title='bbox 556 1656 594 1680; x_wconf 89' lang='lat' dir='ltr'><strong>ut</strong></span> <span class='ocrx_word' id='word_1_173' title='bbox 626 1652 734 1681; x_wconf 88' lang='lat' dir='ltr'><strong>omnia</strong></span> 
     </span>
     <span class='ocr_line' id='line_1_29' title="bbox 161 1693 733 1735; baseline 0.007 -12"><span class='ocrx_word' id='word_1_174' title='bbox 161 1693 234 1724; x_wconf 82' lang='lat' dir='ltr'><strong>loca</strong></span> <span class='ocrx_word' id='word_1_175' title='bbox 270 1693 415 1735; x_wconf 85' lang='lat' dir='ltr'><strong>undique</strong></span> <span class='ocrx_word' id='word_1_176' title='bbox 454 1695 576 1734; x_wconf 79' lang='lat' dir='ltr'><strong>clausa,</strong></span> <span class='ocrx_word' id='word_1_177' title='bbox 620 1707 733 1727; x_wconf 79' lang='lat' dir='ltr'><strong>vocem</strong></span> 
     </span>
     <span class='ocr_line' id='line_1_30' title="bbox 161 1739 731 1773; baseline 0.005 -3"><span class='ocrx_word' id='word_1_178' title='bbox 161 1750 312 1771; x_wconf 75' lang='lat' dir='ltr'><strong>sonoram</strong></span> <span class='ocrx_word' id='word_1_179' title='bbox 346 1739 501 1772; x_wconf 85' lang='lat' dir='ltr'><strong>efficiunt.</strong></span> <span class='ocrx_word' id='word_1_180' title='bbox 538 1744 614 1773; x_wconf 92' lang='lat' dir='ltr'><strong>Duo</strong></span> <span class='ocrx_word' id='word_1_181' title='bbox 655 1744 731 1773; x_wconf 87' lang='lat' dir='ltr'><strong>vitia</strong></span> 
     </span>
     <span class='ocr_line' id='line_1_31' title="bbox 161 1786 732 1828; baseline 0.005 -12"><span class='ocrx_word' id='word_1_182' title='bbox 161 1786 372 1818; x_wconf 81' lang='lat' dir='ltr'><strong>ridiculorum</strong></span> <span class='ocrx_word' id='word_1_183' title='bbox 399 1794 565 1828; x_wconf 86' lang='lat' dir='ltr'><strong>poetarum</strong></span> <span class='ocrx_word' id='word_1_184' title='bbox 591 1788 645 1818; x_wconf 81' lang='lat' dir='ltr'><strong>hic</strong></span> <span class='ocrx_word' id='word_1_185' title='bbox 665 1800 732 1819; x_wconf 84' lang='lat' dir='ltr'><strong>car-</strong></span> 
     </span>
     <span class='ocr_line' id='line_1_32' title="bbox 161 1834 734 1874; baseline 0.005 -12"><span class='ocrx_word' id='word_1_186' title='bbox 161 1839 298 1874; x_wconf 85' lang='lat' dir='ltr'><strong>puntur,</strong></span> <span class='ocrx_word' id='word_1_187' title='bbox 307 1835 364 1874; x_wconf 89' lang='lat' dir='ltr'><strong>qni</strong></span> <span class='ocrx_word' id='word_1_188' title='bbox 377 1844 487 1864; x_wconf 84' lang='lat' dir='ltr'><strong>versus</strong></span> <span class='ocrx_word' id='word_1_189' title='bbox 501 1845 576 1865; x_wconf 87' lang='lat' dir='ltr'><strong>suos</strong></span> <span class='ocrx_word' id='word_1_190' title='bbox 589 1834 734 1865; x_wconf 75' lang='lat' dir='ltr'><strong>ubicum-</strong></span> 
     </span>
     <span class='ocr_line' id='line_1_33' title="bbox 162 1880 733 1925; baseline 0.004 -16"><span class='ocrx_word' id='word_1_191' title='bbox 162 1888 224 1920; x_wconf 86' lang='lat' dir='ltr'><strong>que</strong></span> <span class='ocrx_word' id='word_1_192' title='bbox 234 1880 386 1918; x_wconf 78' lang='lat' dir='ltr'><strong>recitant,</strong></span> <span class='ocrx_word' id='word_1_193' title='bbox 398 1880 497 1921; x_wconf 88' lang='lat' dir='ltr'><strong>idque</strong></span> <span class='ocrx_word' id='word_1_194' title='bbox 508 1891 582 1910; x_wconf 89' lang='lat' dir='ltr'><strong>cum</strong></span> <span class='ocrx_word' id='word_1_195' title='bbox 596 1880 733 1925; x_wconf 61' lang='lat' dir='ltr'><strong>maximin</strong></span> 
     </span>
     <span class='ocr_line' id='line_1_34' title="bbox 161 1925 734 1969; baseline 0.007 -15"><span class='ocrx_word' id='word_1_196' title='bbox 161 1925 250 1955; x_wconf 81' lang='lat' dir='ltr'><strong>vocis</strong></span> <span class='ocrx_word' id='word_1_197' title='bbox 286 1927 509 1965; x_wconf 84' lang='lat' dir='ltr'><strong>contentione,</strong></span> <span class='ocrx_word' id='word_1_198' title='bbox 548 1927 609 1957; x_wconf 85' lang='lat' dir='ltr'><strong>sibi</strong></span> <span class='ocrx_word' id='word_1_199' title='bbox 644 1930 734 1969; x_wconf 84' lang='lat' dir='ltr'><strong>inge-</strong></span> 
     </span>
     <span class='ocr_line' id='line_1_35' title="bbox 161 1970 733 2004; baseline 0.007 -4"><span class='ocrx_word' id='word_1_200' title='bbox 161 1970 252 2000; x_wconf 72' lang='lat' dir='ltr'><strong>nium</strong></span> <span class='ocrx_word' id='word_1_201' title='bbox 263 1971 359 2002; x_wconf 71' lang='lat' dir='ltr'><strong>simul</strong></span> <span class='ocrx_word' id='word_1_202' title='bbox 374 1978 405 2002; x_wconf 84' lang='lat' dir='ltr'><strong>et</strong></span> <span class='ocrx_word' id='word_1_203' title='bbox 419 1971 617 2003; x_wconf 80' lang='lat' dir='ltr'><strong>declamandi</strong></span> <span class='ocrx_word' id='word_1_204' title='bbox 633 1981 733 2004; x_wconf 85' lang='lat' dir='ltr'><strong>artem</strong></span> 
     </span>
     <span class='ocr_line' id='line_1_36' title="bbox 161 2016 734 2058; baseline 0.007 -12"><span class='ocrx_word' id='word_1_205' title='bbox 161 2016 400 2058; x_wconf 72' lang='lat' dir='ltr'><strong>applaudentes.</strong></span> <span class='ocrx_word' id='word_1_206' title='bbox 419 2035 464 2042; x_wconf 93' lang='grc'><strong>--</strong></span> <span class='ocrx_word' id='word_1_207' title='bbox 485 2020 604 2049; x_wconf 87' lang='lat' dir='ltr'><strong>Inanes</strong></span> <span class='ocrx_word' id='word_1_208' title='bbox 622 2029 633 2049; x_wconf 91' lang='lat'><strong>.·</strong></span> <span class='ocrx_word' id='word_1_209' title='bbox 648 2019 734 2058; x_wconf 84' lang='lat' dir='ltr'><strong>judi-</strong></span> 
     </span>
     <span class='ocr_line' id='line_1_37' title="bbox 161 2062 734 2096; baseline 0.005 -3"><span class='ocrx_word' id='word_1_210' title='bbox 161 2062 212 2093; x_wconf 83' lang='lat' dir='ltr'><strong>cio</strong></span> <span class='ocrx_word' id='word_1_211' title='bbox 233 2068 265 2094; x_wconf 89' lang='lat' dir='ltr'><strong>et</strong></span> <span class='ocrx_word' id='word_1_212' title='bbox 285 2065 408 2095; x_wconf 78' lang='lat' dir='ltr'><strong>ratione</strong></span> <span class='ocrx_word' id='word_1_213' title='bbox 431 2075 560 2096; x_wconf 80' lang='lat' dir='ltr'><strong>vacuos.</strong></span> <span class='ocrx_word' id='word_1_214' title='bbox 583 2083 630 2089; x_wconf 89' lang='lat'><strong>—-</strong></span> <span class='ocrx_word' id='word_1_215' title='bbox 646 2068 734 2096; x_wconf 82' lang='lat' dir='ltr'><strong>Tem-</strong></span> 
     </span>
     <span class='ocr_line' id='line_1_38' title="bbox 158 2109 630 2152; baseline 0.006 -13"><span class='ocrx_word' id='word_1_216' title='bbox 158 2118 239 2150; x_wconf 79' lang='lat' dir='ltr'><strong>pore</strong></span> <span class='ocrx_word' id='word_1_217' title='bbox 253 2109 360 2141; x_wconf 74' lang='lat' dir='ltr'><strong>alieno</strong></span> <span class='ocrx_word' id='word_1_218' title='bbox 373 2121 386 2140; x_wconf 92' lang='grc'><strong>.·</strong></span> <span class='ocrx_word' id='word_1_219' title='bbox 397 2111 630 2152; x_wconf 71' lang='lat' dir='ltr'><strong>intempestive.</strong></span> 
     </span>
    </p>

    <p class='ocr_par' dir='ltr' id='par_1_19' title="bbox 160 2154 732 2245">
     <span class='ocr_line' id='line_1_39' title="bbox 212 2154 732 2198; baseline 0.004 -11"><span class='ocrx_word' id='word_1_220' title='bbox 212 2155 265 2188; x_wconf 80' lang='lat'><strong>15.</strong></span> <span class='ocrx_word' id='word_1_221' title='bbox 291 2157 381 2188; x_wconf 69' lang='lat' dir='ltr'><strong>Unde*</strong></span> <span class='ocrx_word' id='word_1_222' title='bbox 396 2154 532 2198; x_wconf 79' lang='lat' dir='ltr'><strong>petitum</strong></span> <span class='ocrx_word' id='word_1_223' title='bbox 552 2159 622 2189; x_wconf 85' lang='lat' dir='ltr'><strong>Hoc</strong></span> <span class='ocrx_word' id='word_1_224' title='bbox 637 2158 669 2189; x_wconf 83' lang='lat' dir='ltr'><strong>in</strong></span> <span class='ocrx_word' id='word_1_225' title='bbox 682 2170 732 2190; x_wconf 90' lang='lat' dir='ltr'><strong>me</strong></span> 
     </span>
     <span class='ocr_line' id='line_1_40' title="bbox 160 2200 732 2245; baseline 0.005 -12"><span class='ocrx_word' id='word_1_226' title='bbox 160 2200 272 2241; x_wconf 65' lang='lat' dir='ltr'><strong>jacin</strong></span> <span class='ocrx_word' id='word_1_227' title='bbox 299 2201 318 2234; x_wconf 65' lang='grc' dir='ltr'><strong>ὰ</strong></span> <span class='ocrx_word' id='word_1_228' title='bbox 343 2213 409 2245; x_wconf 85' lang='lat' dir='ltr'><strong>qno</strong></span> <span class='ocrx_word' id='word_1_229' title='bbox 435 2203 570 2236; x_wconf 79' lang='lat' dir='ltr'><strong>edoctus</strong></span> <span class='ocrx_word' id='word_1_230' title='bbox 595 2215 627 2236; x_wconf 83' lang='lat' dir='ltr'><strong>es</strong></span> <span class='ocrx_word' id='word_1_231' title='bbox 649 2205 732 2236; x_wconf 82' lang='lat' dir='ltr'><strong>hane</strong></span> 
     </span>
    </p>
   </div>
   <div class='ocr_carea' id='block_1_5' title="bbox 782 1189 1354 2202">
    <p class='ocr_par' dir='ltr' id='par_1_20' title="bbox 782 1189 1354 2018">
     <span class='ocr_line' id='line_1_41' title="bbox 782 1189 1351 1232; baseline 0.002 -13"><span class='ocrx_word' id='word_1_232' title='bbox 782 1189 921 1220; x_wconf 79' lang='lat' dir='ltr'><strong>laedendi</strong></span> <span class='ocrx_word' id='word_1_233' title='bbox 951 1189 1135 1230; x_wconf 83' lang='lat' dir='ltr'><strong>cupidinem</strong></span> <span class='ocrx_word' id='word_1_234' title='bbox 1157 1200 1253 1232; x_wconf 79' lang='lat' dir='ltr'><strong>qnam</strong></span> <span class='ocrx_word' id='word_1_235' title='bbox 1273 1191 1351 1223; x_wconf 87' lang='lat' dir='ltr'><strong>mihi</strong></span> 
     </span>
     <span class='ocr_line' id='line_1_42' title="bbox 783 1236 1352 1282; baseline 0.005 -17"><span class='ocrx_word' id='word_1_236' title='bbox 783 1236 977 1276; x_wconf 76' lang='lat' dir='ltr'><strong>exprobras?</strong></span> <span class='ocrx_word' id='word_1_237' title='bbox 1009 1237 1089 1282; x_wconf 59' lang='lat' dir='ltr'><strong>ngs</strong></span> <span class='ocrx_word' id='word_1_238' title='bbox 1124 1247 1236 1267; x_wconf 85' lang='lat' dir='ltr'><strong>eornm</strong></span> <span class='ocrx_word' id='word_1_239' title='bbox 1276 1248 1352 1268; x_wconf 80' lang='lat' dir='ltr'><strong>cum</strong></span> 
     </span>
     <span class='ocr_line' id='line_1_43' title="bbox 783 1282 1353 1322; baseline 0.007 -11"><span class='ocrx_word' id='word_1_240' title='bbox 783 1282 902 1322; x_wconf 78' lang='lat' dir='ltr'><strong>quibus</strong></span> <span class='ocrx_word' id='word_1_241' title='bbox 928 1284 1035 1311; x_wconf 84' lang='lat' dir='ltr'><strong>vivere</strong></span> <span class='ocrx_word' id='word_1_242' title='bbox 1054 1283 1180 1314; x_wconf 82' lang='lat' dir='ltr'><strong>insuevi</strong></span> <span class='ocrx_word' id='word_1_243' title='bbox 1201 1293 1270 1314; x_wconf 75' lang='lat' dir='ltr'><strong>eam</strong></span> <span class='ocrx_word' id='word_1_244' title='bbox 1291 1284 1353 1315; x_wconf 77' lang='lat' dir='ltr'><strong>tihi</strong></span> 
     </span>
     <span class='ocr_line' id='line_1_44' title="bbox 784 1328 1354 1372; baseline 0.005 -15"><span class='ocrx_word' id='word_1_245' title='bbox 784 1328 960 1359; x_wconf 78' lang='lat' dir='ltr'><strong>revelavit?</strong></span> <span class='ocrx_word' id='word_1_246' title='bbox 980 1344 1027 1351; x_wconf 89' lang='lat'>—</span> <span class='ocrx_word' id='word_1_247' title='bbox 1045 1329 1217 1360; x_wconf 81' lang='lat' dir='ltr'><strong>Absentem</strong></span> <span class='ocrx_word' id='word_1_248' title='bbox 1232 1329 1291 1372; x_wconf 82' lang='lat' dir='ltr'><strong>qui</strong></span> <span class='ocrx_word' id='word_1_249' title='bbox 1306 1340 1354 1360; x_wconf 80' lang='lat' dir='ltr'><strong>m-</strong></span> 
     </span>
     <span class='ocr_line' id='line_1_45' title="bbox 785 1374 1354 1408; baseline 0.009 -5"><span class='ocrx_word' id='word_1_250' title='bbox 785 1374 835 1404; x_wconf 75' lang='lat' dir='ltr'><strong>dic</strong></span> <span class='ocrx_word' id='word_1_251' title='bbox 859 1375 997 1405; x_wconf 82' lang='lat' dir='ltr'><strong>amicum</strong></span> <span class='ocrx_word' id='word_1_252' title='bbox 1016 1385 1028 1404; x_wconf 89' lang='grc'><strong>.-</strong></span> <span class='ocrx_word' id='word_1_253' title='bbox 1051 1376 1200 1406; x_wconf 80' lang='lat' dir='ltr'><strong>innocuae</strong></span> <span class='ocrx_word' id='word_1_254' title='bbox 1224 1383 1256 1407; x_wconf 79' lang='lat' dir='ltr'><strong>et</strong></span> <span class='ocrx_word' id='word_1_255' title='bbox 1278 1376 1354 1408; x_wconf 83' lang='lat' dir='ltr'><strong>utili</strong></span> 
     </span>
     <span class='ocr_line' id='line_1_46' title="bbox 786 1422 1354 1464; baseline 0.007 -14"><span class='ocrx_word' id='word_1_256' title='bbox 786 1422 986 1451; x_wconf 82' lang='lat' dir='ltr'><strong>satiricorum</strong></span> <span class='ocrx_word' id='word_1_257' title='bbox 1003 1428 1171 1462; x_wconf 81' lang='lat' dir='ltr'><strong>poetarum</strong></span> <span class='ocrx_word' id='word_1_258' title='bbox 1185 1422 1354 1464; x_wconf 76' lang='lat' dir='ltr'><strong>reprehen-</strong></span> 
     </span>
     <span class='ocr_line' id='line_1_47' title="bbox 785 1468 1352 1508; baseline 0.007 -12"><span class='ocrx_word' id='word_1_259' title='bbox 785 1468 870 1497; x_wconf 84' lang='lat' dir='ltr'><strong>sioni</strong></span> <span class='ocrx_word' id='word_1_260' title='bbox 886 1478 1014 1508; x_wconf 80' lang='lat' dir='ltr'><strong>pravam</strong></span> <span class='ocrx_word' id='word_1_261' title='bbox 1034 1474 1066 1498; x_wconf 85' lang='lat' dir='ltr'><strong>et</strong></span> <span class='ocrx_word' id='word_1_262' title='bbox 1084 1468 1244 1499; x_wconf 73' lang='lat' dir='ltr'><strong>crudelem</strong></span> <span class='ocrx_word' id='word_1_263' title='bbox 1255 1469 1352 1500; x_wconf 76' lang='lat' dir='ltr'><strong>male-</strong></span> 
     </span>
     <span class='ocr_line' id='line_1_48' title="bbox 785 1512 1353 1557; baseline 0.007 -14"><span class='ocrx_word' id='word_1_264' title='bbox 785 1512 932 1544; x_wconf 82' lang='lat' dir='ltr'><strong>dicorum</strong></span> <span class='ocrx_word' id='word_1_265' title='bbox 955 1514 1179 1554; x_wconf 77' lang='lat' dir='ltr'><strong>loquacitatem</strong></span> <span class='ocrx_word' id='word_1_266' title='bbox 1205 1516 1353 1557; x_wconf 80' lang='lat' dir='ltr'><strong>opponit,</strong></span> 
     </span>
     <span class='ocr_line' id='line_1_49' title="bbox 785 1559 1354 1603; baseline 0.007 -15"><span class='ocrx_word' id='word_1_267' title='bbox 785 1576 832 1583; x_wconf 89' lang='lat'><strong>-—</strong></span> <span class='ocrx_word' id='word_1_268' title='bbox 855 1559 919 1600; x_wconf 87' lang='lat' dir='ltr'><strong>Qui</strong></span> <span class='ocrx_word' id='word_1_269' title='bbox 942 1570 1005 1590; x_wconf 85' lang='lat' dir='ltr'><strong>non</strong></span> <span class='ocrx_word' id='word_1_270' title='bbox 1030 1561 1177 1603; x_wconf 80' lang='lat' dir='ltr'><strong>defendit</strong></span> <span class='ocrx_word' id='word_1_271' title='bbox 1200 1561 1270 1592; x_wconf 67' lang='lat' dir='ltr'><strong>alio</strong></span> <span class='ocrx_word' id='word_1_272' title='bbox 1289 1561 1354 1592; x_wconf 76' lang='lat' dir='ltr'><strong>cul-</strong></span> 
     </span>
     <span class='ocr_line' id='line_1_50' title="bbox 784 1604 1350 1648; baseline 0.007 -13"><span class='ocrx_word' id='word_1_273' title='bbox 784 1613 883 1646; x_wconf 83' lang='lat' dir='ltr'><strong>pante</strong></span> <span class='ocrx_word' id='word_1_274' title='bbox 900 1616 911 1635; x_wconf 90' lang='lat'><strong>.·</strong></span> <span class='ocrx_word' id='word_1_275' title='bbox 926 1604 1037 1637; x_wconf 84' lang='lat' dir='ltr'><strong>ultima</strong></span> <span class='ocrx_word' id='word_1_276' title='bbox 1058 1607 1169 1646; x_wconf 76' lang='lat' dir='ltr'><strong>verbi,</strong></span> <span class='ocrx_word' id='word_1_277' title='bbox 1184 1605 1350 1648; x_wconf 69' lang='lat' dir='ltr'><strong>defendit,</strong></span> 
     </span>
     <span class='ocr_line' id='line_1_51' title="bbox 786 1651 1354 1694; baseline 0.007 -13"><span class='ocrx_word' id='word_1_278' title='bbox 786 1651 906 1693; x_wconf 79' lang='lat' dir='ltr'><strong>syllaba</strong></span> <span class='ocrx_word' id='word_1_279' title='bbox 942 1663 999 1694; x_wconf 82' lang='lat' dir='ltr'><strong>per</strong></span> <span class='ocrx_word' id='word_1_280' title='bbox 1037 1663 1156 1684; x_wconf 77' lang='lat' dir='ltr'><strong>cesurae</strong></span> <span class='ocrx_word' id='word_1_281' title='bbox 1191 1653 1354 1685; x_wconf 75' lang='lat' dir='ltr'><strong>licentiam</strong></span> 
     </span>
     <span class='ocr_line' id='line_1_52' title="bbox 784 1698 1354 1740; baseline 0.007 -13"><span class='ocrx_word' id='word_1_282' title='bbox 784 1698 987 1739; x_wconf 86' lang='lat' dir='ltr'><strong>producitur,</strong></span> <span class='ocrx_word' id='word_1_283' title='bbox 1009 1705 1046 1729; x_wconf 86' lang='lat' dir='ltr'><strong>ut</strong></span> <span class='ocrx_word' id='word_1_284' title='bbox 1063 1699 1190 1740; x_wconf 72' lang='lat' dir='ltr'><strong>passim.</strong></span> <span class='ocrx_word' id='word_1_285' title='bbox 1204 1717 1252 1724; x_wconf 94' lang='lat'><em>-</em></span> <span class='ocrx_word' id='word_1_286' title='bbox 1263 1701 1354 1731; x_wconf 81' lang='lat' dir='ltr'><strong>Solu·</strong></span> 
     </span>
     <span class='ocr_line' id='line_1_53' title="bbox 785 1744 1352 1785; baseline 0.009 -12"><span class='ocrx_word' id='word_1_287' title='bbox 785 1751 834 1774; x_wconf 82' lang='lat' dir='ltr'><strong>tos</strong></span> <span class='ocrx_word' id='word_1_288' title='bbox 858 1744 922 1784; x_wconf 84' lang='lat' dir='ltr'><strong>Qui</strong></span> <span class='ocrx_word' id='word_1_289' title='bbox 939 1752 1051 1785; x_wconf 80' lang='lat' dir='ltr'><strong>captat</strong></span> <span class='ocrx_word' id='word_1_290' title='bbox 1065 1745 1144 1775; x_wconf 79' lang='lat' dir='ltr'><strong>risus</strong></span> <span class='ocrx_word' id='word_1_291' title='bbox 1159 1744 1323 1778; x_wconf 79' lang='lat' dir='ltr'><strong>hominum</strong></span> <span class='ocrx_word' id='word_1_292' title='bbox 1337 1757 1352 1777; x_wconf 83' lang='lat'><strong>-·</strong></span> 
     </span>
     <span class='ocr_line' id='line_1_54' title="bbox 785 1791 1353 1834; baseline 0.007 -14"><span class='ocrx_word' id='word_1_293' title='bbox 785 1791 840 1831; x_wconf 89' lang='lat' dir='ltr'><strong>qui</strong></span> <span class='ocrx_word' id='word_1_294' title='bbox 863 1791 1046 1831; x_wconf 73' lang='lat' dir='ltr'><strong>loquendo,</strong></span> <span class='ocrx_word' id='word_1_295' title='bbox 1073 1792 1181 1823; x_wconf 77' lang='lat' dir='ltr'><strong>amicis</strong></span> <span class='ocrx_word' id='word_1_296' title='bbox 1201 1793 1278 1834; x_wconf 78' lang='lat' dir='ltr'><strong>ipsis</strong></span> <span class='ocrx_word' id='word_1_297' title='bbox 1294 1802 1353 1823; x_wconf 84' lang='lat' dir='ltr'><strong>no·</strong></span> 
     </span>
     <span class='ocr_line' id='line_1_55' title="bbox 784 1837 1351 1875; baseline 0.005 -9"><span class='ocrx_word' id='word_1_298' title='bbox 784 1847 855 1866; x_wconf 83' lang='lat' dir='ltr'><strong>cere</strong></span> <span class='ocrx_word' id='word_1_299' title='bbox 870 1847 936 1867; x_wconf 91' lang='lat' dir='ltr'><strong>non</strong></span> <span class='ocrx_word' id='word_1_300' title='bbox 951 1839 1040 1868; x_wconf 87' lang='lat' dir='ltr'><strong>timet</strong></span> <span class='ocrx_word' id='word_1_301' title='bbox 1050 1859 1059 1875; x_wconf 90' lang='lat'><strong>,</strong></span> <span class='ocrx_word' id='word_1_302' title='bbox 1075 1837 1172 1869; x_wconf 80' lang='lat' dir='ltr'><strong>modo</strong></span> <span class='ocrx_word' id='word_1_303' title='bbox 1190 1839 1273 1869; x_wconf 70' lang='lat' dir='ltr'><strong>risus</strong></span> <span class='ocrx_word' id='word_1_304' title='bbox 1289 1839 1351 1869; x_wconf 83' lang='lat' dir='ltr'><strong>im-</strong></span> 
     </span>
     <span class='ocr_line' id='line_1_56' title="bbox 786 1882 1349 1916; baseline 0.007 -4"><span class='ocrx_word' id='word_1_305' title='bbox 786 1882 967 1913; x_wconf 77' lang='lat' dir='ltr'><strong>moderatos</strong></span> <span class='ocrx_word' id='word_1_306' title='bbox 992 1883 1195 1915; x_wconf 72' lang='lat' dir='ltr'><strong>audientibus</strong></span> <span class='ocrx_word' id='word_1_307' title='bbox 1214 1890 1349 1916; x_wconf 75' lang='lat' dir='ltr'><strong>moveat.</strong></span> 
     </span>
     <span class='ocr_line' id='line_1_57' title="bbox 785 1929 1352 1973; baseline 0.007 -15"><span class='ocrx_word' id='word_1_308' title='bbox 785 1946 831 1953; x_wconf 89' lang='lat'>—</span> <span class='ocrx_word' id='word_1_309' title='bbox 854 1929 915 1959; x_wconf 85' lang='lat' dir='ltr'><strong>Hic</strong></span> <span class='ocrx_word' id='word_1_310' title='bbox 938 1929 1031 1972; x_wconf 82' lang='lat' dir='ltr'><strong>niger</strong></span> <span class='ocrx_word' id='word_1_311' title='bbox 1049 1937 1097 1960; x_wconf 80' lang='lat' dir='ltr'><strong>ese</strong></span> <span class='ocrx_word' id='word_1_312' title='bbox 1117 1940 1131 1960; x_wconf 86' lang='lat'><strong>.·</strong></span> <span class='ocrx_word' id='word_1_313' title='bbox 1159 1932 1275 1962; x_wconf 80' lang='lat' dir='ltr'><strong>veneni</strong></span> <span class='ocrx_word' id='word_1_314' title='bbox 1287 1931 1352 1973; x_wconf 84' lang='lat' dir='ltr'><strong>ple-</strong></span> 
     </span>
     <span class='ocr_line' id='line_1_58' title="bbox 786 1974 1155 2018; baseline 0.005 -13"><span class='ocrx_word' id='word_1_315' title='bbox 786 1984 864 2012; x_wconf 77' lang='lat' dir='ltr'><strong>nus,</strong></span> <span class='ocrx_word' id='word_1_316' title='bbox 882 1975 958 2005; x_wconf 72' lang='lat' dir='ltr'><strong>vere</strong></span> <span class='ocrx_word' id='word_1_317' title='bbox 974 1974 1155 2018; x_wconf 78' lang='lat' dir='ltr'><strong>fugiendus.</strong></span> 
     </span>
    </p>

    <p class='ocr_par' dir='ltr' id='par_1_21' title="bbox 785 2020 1352 2202">
     <span class='ocr_line' id='line_1_59' title="bbox 836 2020 1352 2062; baseline 0.006 -11"><span class='ocrx_word' id='word_1_318' title='bbox 836 2021 888 2053; x_wconf 87' lang='lat'><strong>16.</strong></span> <span class='ocrx_word' id='word_1_319' title='bbox 903 2021 996 2062; x_wconf 63' lang='lat' dir='ltr'><strong>Saepe</strong></span> <span class='ocrx_word' id='word_1_320' title='bbox 1015 2021 1112 2053; x_wconf 76' lang='lat' dir='ltr'><strong>tribus</strong></span> <span class='ocrx_word' id='word_1_321' title='bbox 1125 2020 1216 2053; x_wconf 78' lang='lat' dir='ltr'><strong>leeeis</strong></span> <span class='ocrx_word' id='word_1_322' title='bbox 1234 2021 1352 2054; x_wconf 71' lang='lat' dir='ltr'><strong>videas</strong></span> 
     </span>
     <span class='ocr_line' id='line_1_60' title="bbox 785 2065 1351 2108; baseline 0.007 -11"><span class='ocrx_word' id='word_1_323' title='bbox 785 2077 912 2097; x_wconf 81' lang='lat' dir='ltr'><strong>coenare</strong></span> <span class='ocrx_word' id='word_1_324' title='bbox 924 2075 1096 2108; x_wconf 77' lang='lat' dir='ltr'><strong>quaternos</strong></span> <span class='ocrx_word' id='word_1_325' title='bbox 1103 2079 1115 2098; x_wconf 90' lang='lat'><em>:</em></span> <span class='ocrx_word' id='word_1_326' title='bbox 1122 2065 1277 2100; x_wconf 68' lang='lat' dir='ltr'><strong>sententia</strong></span> <span class='ocrx_word' id='word_1_327' title='bbox 1285 2076 1333 2100; x_wconf 79' lang='lat' dir='ltr'><strong>est</strong></span> <span class='ocrx_word' id='word_1_328' title='bbox 1342 2079 1351 2101; x_wconf 88' lang='lat'>:</span> 
     </span>
     <span class='ocr_line' id='line_1_61' title="bbox 786 2114 1351 2156; baseline 0.005 -13"><span class='ocrx_word' id='word_1_329' title='bbox 786 2115 942 2154; x_wconf 86' lang='lat' dir='ltr'><strong>reperitur</strong></span> <span class='ocrx_word' id='word_1_330' title='bbox 951 2115 1033 2156; x_wconf 74' lang='lat' dir='ltr'><strong>saepe</strong></span> <span class='ocrx_word' id='word_1_331' title='bbox 1048 2116 1082 2145; x_wconf 91' lang='lat' dir='ltr'><strong>in</strong></span> <span class='ocrx_word' id='word_1_332' title='bbox 1096 2114 1351 2156; x_wconf 65' lang='lat' dir='ltr'><strong>frequentissimo</strong></span> 
     </span>
     <span class='ocr_line' id='line_1_62' title="bbox 785 2160 1351 2202; baseline 0.005 -13"><span class='ocrx_word' id='word_1_333' title='bbox 785 2160 951 2197; x_wconf 82' lang='lat' dir='ltr'><strong>convivio,</strong></span> <span class='ocrx_word' id='word_1_334' title='bbox 979 2161 1016 2190; x_wconf 89' lang='lat' dir='ltr'><strong>in</strong></span> <span class='ocrx_word' id='word_1_335' title='bbox 1042 2171 1109 2202; x_wconf 89' lang='lat' dir='ltr'><strong>quo</strong></span> <span class='ocrx_word' id='word_1_336' title='bbox 1133 2171 1201 2192; x_wconf 81' lang='lat' dir='ltr'><strong>non</strong></span> <span class='ocrx_word' id='word_1_337' title='bbox 1227 2167 1292 2192; x_wconf 73' lang='lat' dir='ltr'><strong>tres</strong></span> <span class='ocrx_word' id='word_1_338' title='bbox 1314 2162 1351 2192; x_wconf 83' lang='lat' dir='ltr'><strong>in</strong></span> 
     </span>
    </p>
   </div>
   <div class='ocr_carea' id='block_1_6' title="bbox 785 2205 1351 2249">
    <p class='ocr_par' dir='ltr' id='par_1_22' title="bbox 785 2205 1351 2249">
     <span class='ocr_line' id='line_1_63' title="bbox 785 2205 1351 2249; baseline 0.007 -13"><span class='ocrx_word' id='word_1_339' title='bbox 785 2206 919 2248; x_wconf 77' lang='lat' dir='ltr'><strong>singulis</strong></span> <span class='ocrx_word' id='word_1_340' title='bbox 937 2206 1079 2246; x_wconf 76' lang='lat' dir='ltr'><strong>lectulis,</strong></span> <span class='ocrx_word' id='word_1_341' title='bbox 1097 2216 1158 2249; x_wconf 84' lang='lat' dir='ltr'><strong>pro</strong></span> <span class='ocrx_word' id='word_1_342' title='bbox 1174 2217 1281 2246; x_wconf 74' lang='lat' dir='ltr'><strong>more,</strong></span> <span class='ocrx_word' id='word_1_343' title='bbox 1294 2205 1351 2239; x_wconf 60' lang='lat' dir='ltr'><strong>oid</strong></span> 
     </span>
    </p>
   </div>
  </div>
 </body>
</html>
