1422 2528
489 137 568 170 ΗΒ.
595 138 613 169 1
637 135 799 170 SATIRA
825 137 904 168 vn.

1242 142 1307 175 242

87 197 334 250 Compositus
346 197 484 236 melius
504 211 593 236 eum
608 197 724 237 Bitho
739 197 929 236 Bacchius
938 212 950 246 ;
967 197 1007 235 in
1019 198 1083 249 jus
1276 214 1308 231 20

86 262 208 297 Actes
227 266 483 310 procurrunt,
502 272 683 310 magnum
702 258 971 310 spectaculum
987 267 1163 309 uterque.

87 319 241 359 Persius
256 320 416 373 exponit
432 333 605 367 causam;
622 320 774 359 ridetur
787 319 837 358 ab
854 320 960 358 omni

88 384 312 429 Conventu;
333 381 466 420 laudat
485 385 668 429 Brutum,
693 381 906 432 laudatque
926 380 1128 419 cohortem
1145 380 1179 430 53

88 442 219 482 Solem
237 442 339 480 Asiae
357 444 521 480 Brutum
540 443 724 493 appellat,
742 442 949 492 stellasque
969 440 1145 480 salubres

87 503 269 554 Appellat
286 502 465 551 comites,
486 512 651 554 excepto
667 506 796 554 Rege3
818 504 965 548 ⁴Canem
980 502 1107 551 illum,
1274 512 1306 536 25

87 565 260 603 Invisum
281 564 458 616 agricolis
472 563 578 602 sidus
590 594 600 612 ,
616 565 779 603 venisse.
800 563 955 602 Ruebat

91 626 252 665 Flumen
271 634 314 665 ut
331 620 559 674 hibernum,
578 625 702 664 fertur
717 623 796 678 quo
813 638 902 664 rara
921 624 1066 664 securis
1084 625 1111 664 ⁶.

91 798 127 827 in
136 796 322 839 provincias
338 796 402 827 sibi
418 796 588 828 attributas
599 797 674 829 Cre-

92 850 158 874 tam
173 849 205 874 et
230 843 430 886 Bithyniam.
451 843 566 875 Postea
589 845 671 875 Bru-

92 897 144 921 tus
161 890 389 921 Macedoniam
401 890 551 922 obtinere
561 893 671 931 jussus

92 937 108 969 a
137 944 269 977 senatu,
304 939 339 968 in
370 938 482 969 Asiam
514 938 555 969 ad
593 949 671 970 con-

93 984 249 1015 trahenda
274 984 422 1026 undique
448 986 568 1016 auxilia
592 996 670 1028 pro-

90 1031 197 1062 feotus
209 1039 266 1063 est.
284 1033 428 1064 Juvmte.
447 1050 495 1056 -—
518 1033 597 1064 Cum
613 1033 670 1063 Bi-

93 1077 147 1109 tho
169 1078 330 1110 Bacchius
355 1090 367 1109 :
392 1079 506 1111 Bithus
535 1087 567 1112 et
594 1081 672 1111 Bac-

93 1125 185 1157 chius
214 1126 328 1158 famosi
357 1134 450 1158 erant
479 1126 559 1158 tnnc
593 1135 672 1158 tem-

92 1174 183 1215 poris
201 1172 411 1215 gladiatore3‚
429 1176 575 1216 corporis
597 1176 673 1209 viri-

91 1219 154 1251 bus
175 1228 208 1252 et
223 1222 300 1251 artis
323 1232 390 1252 suae
411 1221 545 1252 scientia
564 1233 669 1264 pareS.

90 1269 354 1299 --·Procurr1mc
372 1279 384 1299 .·
399 1269 582 1310 exquisite3
604 1276 672 1300 tan·

89 1315 188 1357 quiim
222 1315 416 1358 gladiatores
449 1317 486 1347 in
522 1327 668 1356 arenam,

70 1364 196 1404 ‘capite
218 1363 323 1401 elato,
349 1363 413 1394 sihi
432 1364 550 1394 mutuo
573 1365 670 1394 mini-

91 1415 206 1441 tantes.
217 1426 263 1434 ·-
274 1411 436 1453 Magnum
450 1411 669 1451 spectaculum

92 1464 226 1499 uterque
256 1469 268 1488 .·
293 1455 368 1488 cum
396 1457 481 1489 nihil
497 1458 670 1489 solitorum

91 1504 259 1536 clientium
291 1504 331 1535 ad
368 1515 453 1546 quos
490 1505 670 1537 audiendos

91 1551 265 1593 aliquando
302 1553 510 1583 concurritur
542 1553 669 1584 Persius

90 1605 123 1629 et
135 1599 289 1640 Rupilius
303 1598 462 1630 haherent
471 1622 479 1638 ,
491 1599 548 1631 sed
562 1601 667 1639 vultu,

89 1652 199 1688 gestu,
236 1644 285 1677 ira
322 1653 392 1678 toto
428 1648 575 1689 corporis
610 1647 668 1678 ha-

89 1692 163 1724 bitu
203 1694 431 1735 prominente,
469 1694 666 1733 ridiculum,

90 1748 146 1771 ore
170 1738 320 1772 nondum
344 1748 473 1783 aperto,
500 1749 668 1783 spectacu-

90 1787 156 1818 lum
173 1787 365 1830 praeberent.

140 1835 171 1866 5.
206 1835 402 1877 Laudacque
444 1835 606 1867 cohortem
653 1847 666 1867 .·

89 1883 268 1913 exereitum
283 1893 381 1924 quem
401 1881 554 1914 adversus
571 1885 668 1915 Octa-

88 1930 181 1960 vium
201 1931 320 1961 Brutus
348 1932 591 1971 conscripserat.
617 1949 666 1955 —-

90 1977 199 2008 Solem
219 1976 311 2008 Λεία·
326 1988 338 2008 .-
352 1977 567 2020 hyperbolico
582 1988 666 2019 prae—

88 2025 186 2055 conio
222 2024 312 2066 quod
347 2026 450 2055 risum
487 2027 666 2056 conventui

90 2080 220 2103 movere
241 2071 352 2102 revera
372 2071 497 2103 debuit.
513 2090 561 2097 —-
579 2073 663 2103 Stel-

88 2116 202 2159 lasque
221 2119 365 2150 salubres
390 2119 549 2160 Appellat
562 2119 662 2150 comi-

90 2171 138 2194 tes
161 2175 173 2195 :
197 2175 266 2196 non
291 2165 400 2197 minus
426 2166 569 2208 vulgari,
595 2178 664 2198 non

88 2209 210 2242 minin?
237 2212 369 2245 inficeta
408 2209 662 2255 comparatione.

93 2257 142 2292 Ad
166 2258 256 2291 hunc
271 2261 381 2293 locum
405 2261 548 2293 allusisse
568 2262 663 2295 Raci-

726 796 820 828 uium
847 795 1043 827 crediderim
1067 797 1103 827 in
1126 794 1233 827 fabula
1251 798 1306 828 cui

726 844 860 882 titulus,
906 844 952 874 Ies
989 843 1180 882 Plaideurs,
1229 842 1305 875 cum

725 890 962 933 perridiculum
982 901 1115 934 quoque
1138 901 1307 922 causarum

726 945 903 980 patronum
923 938 1121 977 introducit,
1142 938 1307 969 inferioris

726 985 938 1016 Normanniae
960 986 1094 1027 praetori
1114 984 1226 1016 eadem
1240 996 1306 1016 me-

727 1030 863 1074 taphora
882 1032 1086 1063 adulantem:
1100 1032 1175 1070 Oui,
1187 1032 1308 1064 devant

726 1089 762 1109 ce
779 1080 884 1111 Caeon
905 1080 945 1110 de
963 1080 1301 1118 Basse-Nortnandie,

731 1126 774 1157 Ce
791 1127 886 1158 soleil
903 1126 1050 1168 d'e'quiee'
1065 1127 1125 1168 qui
1144 1128 1230 1158 n'ese
1248 1127 1303 1169 ja—

728 1173 813 1205 mais
827 1174 919 1206 terni.
935 1175 1010 1206 Act.
1025 1176 1075 1205 111
1085 1198 1094 1212 ,
1111 1185 1199 1205 scen.
1212 1175 1244 1206 3.
1259 1193 1306 1199 —

728 1222 853 1253 Canem
870 1221 963 1253 illum
976 1221 1153 1261 :subaudi,
1169 1222 1305 1255 clamat.

725 1270 816 1300 Dicit
840 1269 935 1300 illum
965 1269 1136 1311 Rupilium
1158 1271 1304 1309 venisse,

727 1316 807 1347 Cani
825 1316 966 1355 coelesti,
989 1317 1082 1347 aliter
1099 1317 1193 1356 Sirio,
1215 1318 1304 1349 simi-

722 1362 808 1402 lem,
839 1370 925 1394 astro
952 1364 1075 1395 exitiali
1096 1370 1129 1395 et
1156 1364 1303 1406 agricolis

722 1411 850 1449 inviso,
873 1411 914 1441 de
938 1421 1005 1452 quo
1030 1411 1147 1454 Virgil.
1174 1411 1299 1444 AEneid.

723 1459 774 1496 X,
797 1464 864 1497 274
885 1468 893 1490 :
912 1458 972 1488 Ille
994 1458 1079 1489 sitim
1111 1458 1301 1501 morbosque

714 1504 831 1548 ferens
854 1505 1043 1537 mortalibus
1066 1505 1161 1549 oegris
1184 1506 1300 1538 Nasci-

725 1559 784 1584 tur.

770 1600 803 1631 6.
825 1602 942 1632 Fertur
963 1602 1027 1643 qui)
1050 1611 1129 1631 rara
1148 1602 1267 1632 securis
1288 1613 1300 1633 .·

720 1646 777 1678 has
793 1658 890 1679 voces
908 1659 1006 1679 sensu
1030 1648 1118 1679 facili
1140 1656 1174 1680 et
1198 1649 1299 1681 obvio

722 1705 830 1726 carere
848 1695 1075 1726 demonstrant
1089 1697 1186 1727 variae
1201 1707 1300 1734 anno-

722 1748 862 1773 tatorum
876 1743 1170 1784 interpretationes.
1192 1743 1280 1784 Quid
1290 1767 1299 1782 ,

710 1789 843 1834 flumen
869 1789 932 1831 quo
949 1789 1062 1832 firtur
1087 1790 1206 1821 securis
1215 1794 1233 1821 :²
1262 1792 1299 1822 in

721 1836 835 1875 silvas,
863 1847 933 1867 non
953 1838 989 1867 in
1007 1836 1142 1868 flumina
1157 1838 1298 1869 securim

722 1883 822 1925 vulgo
839 1883 1016 1926 lignatores
1036 1884 1157 1917 ferunt.
1174 1885 1299 1916 Inteui-

721 1938 804 1973 gunt
822 1930 922 1973 igitur
944 1931 1097 1962 nonnulli
1119 1932 1217 1963 silvas
1233 1939 1298 1964 tor—

718 1979 804 2008 renti
829 1978 1033 2020 rapidissimo
1058 1979 1196 2018 vic-inas,
1218 1990 1298 2021 quas

717 2025 766 2055 illi
781 2025 887 2064 adire,
902 2026 941 2056 ad
958 2026 1193 2058 exscindendas
1204 2027 1298 2059 arbo-

718 2083 785 2110 res,
805 2083 873 2104 non
896 2073 1037 2112 audent,
1062 2084 1104 2104 ne
1119 2074 1202 2105 forte
1221 2085 1296 2105 cum

717 2119 892 2151 arboribus
916 2131 1075 2162 aquarum
1101 2122 1226 2163 impetu
1244 2121 1297 2152 ab·

718 2167 891 2208 ripiantur.
907 2168 975 2198 Alii
989 2175 1182 2210 supponunt
1197 2168 1295 2210 ligna-

717 2219 804 2245 tores
822 2213 839 2245 εὶ
855 2215 912 2246 tali
926 2215 1044 2246 vicinia
1056 2215 1218 2246 abstinere
1228 2225 1297 2246 non

717 2268 826 2300 metu,
849 2261 906 2294 sed
925 2261 1001 2305 quia
1024 2272 1138 2294 omnes
1163 2262 1295 2293 arbores
