1422 2528
487 88 510 99 ·
540 113 621 145 LIB.
647 112 680 142 V
705 112 795 144 ODE
819 111 881 142 VI.

1249 123 1312 154 109

193 173 330 225 Qualis
345 171 551 224 Lycambae
567 170 584 194 ⁶
602 179 756 222 spretus
773 168 895 207 infido
912 180 1046 220 gener,

305 237 386 274 Aut
403 246 494 272 acer
511 232 634 271 hostis
650 230 811 283 Bupalo.

196 299 275 344 An,
297 295 330 334 si
341 294 430 346 quis
448 303 533 333 atro
549 293 664 331 dente
684 305 746 329 me
761 290 964 342 petiverit,
1282 300 1311 325 1⁵

303 355 454 406 qultus
474 364 517 394 ut
535 353 639 392 flebo
654 355 778 406 puer?

91 526 177 558 dicta
209 531 286 556 sunt
296 547 306 564 ,
329 530 399 556 not.
421 529 441 560 4
463 523 501 554 iu
528 522 592 556 Od.
619 524 670 560 11,

94 574 125 614 5,
169 597 177 605 .

138 584 172 652 g.
186 618 360 661 Lycambae
374 630 385 649 .·
401 618 436 650 in
447 617 557 649 dativo
576 627 652 648 casu
661 640 670 655 ,

89 669 124 701 ὴ.
147 678 175 700 e.
198 673 327 711 spretus
342 665 361 696 ὲ
385 663 513 708 perfido
537 667 674 707 Lycam-

89 714 142 747 δὲ.
169 713 348 757 Lycambes
357 736 366 752 ,
383 712 652 744 Lacoedemonius
662 733 672 750 ‚

89 764 120 796 N
120 761 266 794 eobulen
275 759 377 792 filiam
386 771 479 792 auam
495 759 673 791 Archiloco

89 811 154 842 civi
161 815 341 851 suo‚poetae
348 819 418 840 non
423 806 673 845 contemnendo,

88 856 324 900 despondet-nn
336 855 462 888 mutatu
480 861 589 887 mente
601 878 610 894 ,
629 854 674 886 al-

89 906 152 937 teri
158 905 288 936 locavit.
297 903 400 947 Quod
412 902 546 946 indigne
555 902 671 941 ferens,

90 951 285 984 Archilnem
311 950 377 982 tim
402 962 510 982 amaro
531 951 674 981 carmine

93 998 253 1042 proscidit
265 998 453 1042 Lycamben
463 1021 472 1038 ,
489 1004 527 1029 ut
538 1007 614 1029 eum
633 996 674 1028 ad

91 1045 304 1090 suspendium
319 1046 472 1090 adegerit.
491 1044 578 1077 Vide
595 1044 672 1076 infr.

92 1095 165 1127 Art.
180 1101 269 1137 poet.
283 1105 338 1137 79.
348 1112 396 1118 --
404 1094 474 1125 Aut
485 1103 565 1124 acer
576 1091 676 1123 hostis

94 1141 224 1184 Bupalo
238 1153 250 1174 .·
265 1142 410 1185 Bupalus
422 1142 529 1183 pictor
545 1147 578 1172 et
594 1141 675 1183 Hip-

259 2297 312 2333 ΙΙ.

726 532 839 563 ponax
856 530 972 564 poeta,
995 524 1081 554 inter
1100 533 1134 553 se
1157 523 1313 565 gerebant

724 570 923 602 inimicitias.
950 568 1034 603 cim
1058 570 1203 612 Bupalus
1235 572 1315 614 Hip-

726 624 913 658 ponactem‚
934 617 1102 660 proposit&
1120 617 1254 660 public&
1272 625 1313 649 ta-

726 663 811 695 bella
825 688 834 704 ,
849 665 1026 696 ridiculum
1042 667 1078 696 in
1096 676 1222 696 morem
1241 666 1314 708 piu-

728 712 847 748 xisset,
873 712 1019 744 mordaci
1042 714 1185 744 carmine
1210 713 1251 744 ab
1273 724 1312 745 eo

728 758 775 789 sic
797 767 845 791 est
864 761 1042 800 laceratus,
1061 767 1100 792 ut
1114 759 1238 792 doloris
1254 761 1314 791 im-

727 807 856 848 patiens
880 815 912 840 et
929 809 1119 852 ignominiae
1129 831 1139 847 ,
1153 808 1254 839 vitam
1270 808 1315 839 la-

727 864 814 895 queo
823 854 933 888 finisse
940 856 1083 888 creditus
1098 856 1213 895 fuerit3
1225 856 1315 897 quod

729 900 747 932 ὲ
763 902 872 936 Plinio
891 904 1008 936 falsum
1026 910 1210 947 reputatur,
1227 904 1313 935 Hist.

728 955 796 982 nat.
822 953 993 991 XXXVI,
1025 952 1058 984 5.
1087 969 1134 975 —
1164 952 1207 982 Ut
1229 961 1317 992 puer

730 995 852 1029 inultus
868 1010 880 1029 :
900 1001 980 1042 qui,
1005 997 1083 1032 cum
1111 1009 1180 1041 prae
1212 999 1314 1029 aetatis

729 1043 895 1077 debilitate
910 1047 1045 1087 injurias
1064 1046 1127 1078 sibi
1148 1046 1252 1077 illatas
1267 1046 1314 1076 ul-

729 1093 806 1123 cisci
821 1102 979 1136 nequeat,
994 1093 1148 1126 inanibus
1172 1093 1314 1124 lacrimis

729 1138 878 1172 dolorem
891 1153 988 1174 suum
1014 1142 1111 1174 solari
1125 1142 1264 1185 cogitur.

1136 2303 1183 2327 10
