<?xml version="1.0" encoding="UTF-8"?>
<!DOCTYPE html PUBLIC "-//W3C//DTD XHTML 1.0 Transitional//EN"
    "http://www.w3.org/TR/xhtml1/DTD/xhtml1-transitional.dtd">
<html xmlns="http://www.w3.org/1999/xhtml" xml:lang="en" lang="en">
 <head>
  <title>
</title>
<meta http-equiv="Content-Type" content="text/html;charset=utf-8" />
  <meta name='ocr-system' content='tesseract 3.04.00' />
  <meta name='ocr-capabilities' content='ocr_page ocr_carea ocr_par ocr_line ocrx_word'/>
</head>
<body>
  <div class='ocr_page' id='page_1' title='image "./quintushoratiusf02horauoft_0067.png"; bbox 0 0 1404 2522; ppageno 0'>
   <div class='ocr_carea' id='block_1_1' title="bbox 31 0 302 42">
    <p class='ocr_par' dir='ltr' id='par_1_1' title="bbox 31 0 302 42">
     <span class='ocr_line' id='line_1_1' title="bbox 31 0 302 42; baseline -0.011 -22"><span class='ocrx_word' id='word_1_1' title='bbox 31 0 231 42; x_wconf 43' lang='lat' dir='ltr'>*r&#39;rmvv</span> <span class='ocrx_word' id='word_1_2' title='bbox 238 0 263 26; x_wconf 65' lang='grc' dir='ltr'>-ς-</span> <span class='ocrx_word' id='word_1_3' title='bbox 295 0 302 7; x_wconf 56' lang='lat'><strong>⁴</strong></span> 
     </span>
    </p>
   </div>
   <div class='ocr_carea' id='block_1_2' title="bbox 548 139 869 176">
    <p class='ocr_par' dir='ltr' id='par_1_2' title="bbox 548 139 869 176">
     <span class='ocr_line' id='line_1_2' title="bbox 548 139 869 176; baseline -0.006 0"><span class='ocrx_word' id='word_1_4' title='bbox 548 142 628 176; x_wconf 77' lang='lat' dir='ltr'>Lm.</span> <span class='ocrx_word' id='word_1_5' title='bbox 653 139 703 175; x_wconf 79' lang='lat' dir='ltr'>IV</span> <span class='ocrx_word' id='word_1_6' title='bbox 727 141 815 176; x_wconf 90' lang='lat' dir='ltr'>ODE</span> <span class='ocrx_word' id='word_1_7' title='bbox 842 140 869 174; x_wconf 90' lang='lat'>1.</span> 
     </span>
    </p>
   </div>
   <div class='ocr_carea' id='block_1_3' title="bbox 204 199 1313 498">
    <p class='ocr_par' dir='ltr' id='par_1_3' title="bbox 204 199 1313 498">
     <span class='ocr_line' id='line_1_3' title="bbox 204 199 911 254; baseline -0.004 -15"><span class='ocrx_word' id='word_1_8' title='bbox 204 201 313 240; x_wconf 82' lang='lat' dir='ltr'>Inter</span> <span class='ocrx_word' id='word_1_9' title='bbox 328 201 450 240; x_wconf 82' lang='lat' dir='ltr'>verba</span> <span class='ocrx_word' id='word_1_10' title='bbox 463 201 567 240; x_wconf 85' lang='lat' dir='ltr'>cadit</span> <span class='ocrx_word' id='word_1_11' title='bbox 582 202 714 254; x_wconf 85' lang='lat' dir='ltr'>lingua</span> <span class='ocrx_word' id='word_1_12' title='bbox 733 199 911 239; x_wconf 80' lang='lat' dir='ltr'>silentio?</span> 
     </span>
     <span class='ocr_line' id='line_1_4' title="bbox 311 261 783 314; baseline -0.004 -13"><span class='ocrx_word' id='word_1_13' title='bbox 311 262 523 302; x_wconf 80' lang='lat' dir='ltr'><strong>Nocturnis</strong></span> <span class='ocrx_word' id='word_1_14' title='bbox 538 275 611 314; x_wconf 88' lang='lat' dir='ltr'>ego</span> <span class='ocrx_word' id='word_1_15' title='bbox 624 261 783 300; x_wconf 87' lang='lat' dir='ltr'>somniis</span> 
     </span>
     <span class='ocr_line' id='line_1_5' title="bbox 205 322 1128 376; baseline -0.007 -13"><span class='ocrx_word' id='word_1_16' title='bbox 205 326 291 363; x_wconf 85' lang='lat' dir='ltr'>Jam</span> <span class='ocrx_word' id='word_1_17' title='bbox 307 333 462 376; x_wconf 87' lang='lat' dir='ltr'>captum</span> <span class='ocrx_word' id='word_1_18' title='bbox 482 332 595 362; x_wconf 86' lang='lat' dir='ltr'>teneo</span> <span class='ocrx_word' id='word_1_19' title='bbox 613 331 650 372; x_wconf 85' lang='lat'>⁹,</span> <span class='ocrx_word' id='word_1_20' title='bbox 665 323 745 375; x_wconf 83' lang='lat' dir='ltr'>jam</span> <span class='ocrx_word' id='word_1_21' title='bbox 763 322 964 360; x_wconf 77' lang='lat' dir='ltr'>volucrem</span> <span class='ocrx_word' id='word_1_22' title='bbox 985 333 1128 371; x_wconf 85' lang='lat' dir='ltr'>sequor</span> 
     </span>
     <span class='ocr_line' id='line_1_6' title="bbox 312 383 798 437; baseline -0.004 -14"><span class='ocrx_word' id='word_1_23' title='bbox 312 387 368 424; x_wconf 88' lang='lat' dir='ltr'>Te</span> <span class='ocrx_word' id='word_1_24' title='bbox 386 398 456 437; x_wconf 86' lang='lat' dir='ltr'>per</span> <span class='ocrx_word' id='word_1_25' title='bbox 474 385 647 436; x_wconf 85' lang='lat' dir='ltr'>gramina</span> <span class='ocrx_word' id='word_1_26' title='bbox 665 383 798 422; x_wconf 88' lang='lat' dir='ltr'>Martii</span> 
     </span>
     <span class='ocr_line' id='line_1_7' title="bbox 205 442 1313 498; baseline -0.007 -14"><span class='ocrx_word' id='word_1_27' title='bbox 205 446 359 498; x_wconf 81' lang='lat' dir='ltr'>Campi,</span> <span class='ocrx_word' id='word_1_28' title='bbox 377 455 414 484; x_wconf 87' lang='lat' dir='ltr'>te</span> <span class='ocrx_word' id='word_1_29' title='bbox 436 459 507 498; x_wconf 89' lang='lat' dir='ltr'>per</span> <span class='ocrx_word' id='word_1_30' title='bbox 524 458 663 497; x_wconf 79' lang='lat' dir='ltr'>aquas,</span> <span class='ocrx_word' id='word_1_31' title='bbox 684 444 801 493; x_wconf 82' lang='lat' dir='ltr'>dure,</span> <span class='ocrx_word' id='word_1_32' title='bbox 820 442 1023 481; x_wconf 84' lang='lat' dir='ltr'><strong>volubiles.</strong></span> <span class='ocrx_word' id='word_1_33' title='bbox 1278 454 1313 482; x_wconf 66' lang='lat'>40</span> 
     </span>
    </p>
   </div>
   <div class='ocr_carea' id='block_1_4' title="bbox 80 609 685 1790">
    <p class='ocr_par' dir='ltr' id='par_1_4' title="bbox 80 609 685 1790">
     <span class='ocr_line' id='line_1_8' title="bbox 97 609 674 653; baseline 0 -12"><span class='ocrx_word' id='word_1_34' title='bbox 97 617 148 641; x_wconf 74' lang='lat' dir='ltr'>ter</span> <span class='ocrx_word' id='word_1_35' title='bbox 166 609 270 640; x_wconf 79' lang='lat' dir='ltr'>verba</span> <span class='ocrx_word' id='word_1_36' title='bbox 288 609 379 641; x_wconf 75' lang='lat' dir='ltr'>cadit</span> <span class='ocrx_word' id='word_1_37' title='bbox 395 609 510 653; x_wconf 82' lang='lat' dir='ltr'>lingua</span> <span class='ocrx_word' id='word_1_38' title='bbox 526 609 674 641; x_wconf 70' lang='lat' dir='ltr'>silencio?</span> 
     </span>
     <span class='ocr_line' id='line_1_9' title="bbox 97 656 673 700; baseline 0 -12"><span class='ocrx_word' id='word_1_39' title='bbox 97 656 151 688; x_wconf 83' lang='lat' dir='ltr'>Sic</span> <span class='ocrx_word' id='word_1_40' title='bbox 163 663 316 689; x_wconf 76' lang='lat' dir='ltr'><strong>construe</strong></span> <span class='ocrx_word' id='word_1_41' title='bbox 332 665 364 689; x_wconf 88' lang='lat' dir='ltr'>et</span> <span class='ocrx_word' id='word_1_42' title='bbox 377 658 504 700; x_wconf 83' lang='lat' dir='ltr'>explica</span> <span class='ocrx_word' id='word_1_43' title='bbox 521 668 530 690; x_wconf 90' lang='lat'><strong>:</strong></span> <span class='ocrx_word' id='word_1_44' title='bbox 546 656 606 688; x_wconf 74' lang='lat' dir='ltr'>ciu-</span> <span class='ocrx_word' id='word_1_45' title='bbox 622 657 673 688; x_wconf 87' lang='lat' dir='ltr'>in·</span> 
     </span>
     <span class='ocr_line' id='line_1_10' title="bbox 97 703 672 745; baseline -0.002 -9"><span class='ocrx_word' id='word_1_46' title='bbox 97 711 149 736; x_wconf 77' lang='lat' dir='ltr'>ter</span> <span class='ocrx_word' id='word_1_47' title='bbox 169 703 273 736; x_wconf 71' lang='lat' dir='ltr'>verba</span> <span class='ocrx_word' id='word_1_48' title='bbox 282 704 297 742; x_wconf 69' lang='lat'>,&#39;</span> <span class='ocrx_word' id='word_1_49' title='bbox 314 705 349 736; x_wconf 88' lang='lat' dir='ltr'>id</span> <span class='ocrx_word' id='word_1_50' title='bbox 371 712 437 745; x_wconf 83' lang='lat' dir='ltr'>est,</span> <span class='ocrx_word' id='word_1_51' title='bbox 461 716 535 736; x_wconf 88' lang='lat' dir='ltr'>cum</span> <span class='ocrx_word' id='word_1_52' title='bbox 562 705 672 743; x_wconf 80' lang='lat' dir='ltr'>effari,</span> 
     </span>
     <span class='ocr_line' id='line_1_11' title="bbox 96 752 673 784; baseline 0 -1"><span class='ocrx_word' id='word_1_53' title='bbox 96 762 173 783; x_wconf 86' lang='lat' dir='ltr'>cum</span> <span class='ocrx_word' id='word_1_54' title='bbox 194 762 336 783; x_wconf 84' lang='lat' dir='ltr'>amorem</span> <span class='ocrx_word' id='word_1_55' title='bbox 358 763 467 784; x_wconf 87' lang='lat' dir='ltr'>meum</span> <span class='ocrx_word' id='word_1_56' title='bbox 490 752 600 783; x_wconf 77' lang='lat' dir='ltr'>verbis</span> <span class='ocrx_word' id='word_1_57' title='bbox 616 763 673 783; x_wconf 87' lang='lat' dir='ltr'>ex-</span> 
     </span>
     <span class='ocr_line' id='line_1_12' title="bbox 95 799 675 842; baseline 0.003 -13"><span class='ocrx_word' id='word_1_58' title='bbox 95 799 237 842; x_wconf 81' lang='lat' dir='ltr'>primere</span> <span class='ocrx_word' id='word_1_59' title='bbox 257 799 407 831; x_wconf 79' lang='lat' dir='ltr'>meditor.</span> <span class='ocrx_word' id='word_1_60' title='bbox 427 801 479 831; x_wconf 82' lang='lat' dir='ltr'>sic</span> <span class='ocrx_word' id='word_1_61' title='bbox 494 799 583 841; x_wconf 81' lang='lat' dir='ltr'>apud</span> <span class='ocrx_word' id='word_1_62' title='bbox 598 800 675 831; x_wconf 78' lang='lat' dir='ltr'>Vir-</span> 
     </span>
     <span class='ocr_line' id='line_1_13' title="bbox 96 845 676 890; baseline 0 -12"><span class='ocrx_word' id='word_1_63' title='bbox 96 845 152 890; x_wconf 82' lang='lat' dir='ltr'>gil.</span> <span class='ocrx_word' id='word_1_64' title='bbox 169 846 295 879; x_wconf 83' lang='lat' dir='ltr'>AEneid.</span> <span class='ocrx_word' id='word_1_65' title='bbox 310 849 372 886; x_wconf 81' lang='lat' dir='ltr'>lv,</span> <span class='ocrx_word' id='word_1_66' title='bbox 390 848 432 886; x_wconf 86' lang='lat'>76</span> <span class='ocrx_word' id='word_1_67' title='bbox 444 871 453 888; x_wconf 88' lang='lat'><strong>,</strong></span> <span class='ocrx_word' id='word_1_68' title='bbox 468 847 555 878; x_wconf 91' lang='lat' dir='ltr'>Dido</span> <span class='ocrx_word' id='word_1_69' title='bbox 565 870 575 886; x_wconf 88' lang='lat'><strong>‚</strong></span> <span class='ocrx_word' id='word_1_70' title='bbox 591 857 676 878; x_wconf 85' lang='lat' dir='ltr'>amo-</span> 
     </span>
     <span class='ocr_line' id='line_1_14' title="bbox 80 893 675 937; baseline -0.003 -11"><span class='ocrx_word' id='word_1_71' title='bbox 80 896 132 926; x_wconf 61' lang='lat' dir='ltr'>Qe</span> <span class='ocrx_word' id='word_1_72' title='bbox 152 904 214 925; x_wconf 80' lang='lat' dir='ltr'>sno</span> <span class='ocrx_word' id='word_1_73' title='bbox 231 894 439 936; x_wconf 82' lang='lat' dir='ltr'>perturbata,</span> <span class='ocrx_word' id='word_1_74' title='bbox 456 894 577 936; x_wconf 80' lang='lat' dir='ltr'><em>Incipit</em></span> <span class='ocrx_word' id='word_1_75' title='bbox 589 893 675 937; x_wconf 86' lang='lat' dir='ltr'>effa-</span> 
     </span>
     <span class='ocr_line' id='line_1_15' title="bbox 97 938 675 984; baseline 0.002 -12"><span class='ocrx_word' id='word_1_76' title='bbox 97 939 145 978; x_wconf 80' lang='lat' dir='ltr'>n&#39;,</span> <span class='ocrx_word' id='word_1_77' title='bbox 176 938 349 984; x_wconf 61' lang='lat' dir='ltr'>medidque</span> <span class='ocrx_word' id='word_1_78' title='bbox 374 941 408 972; x_wconf 84' lang='lat' dir='ltr'>in</span> <span class='ocrx_word' id='word_1_79' title='bbox 435 952 521 973; x_wconf 83' lang='lat' dir='ltr'>voce</span> <span class='ocrx_word' id='word_1_80' title='bbox 547 940 675 973; x_wconf 81' lang='lat' dir='ltr'><em>resistit.</em></span> 
     </span>
     <span class='ocr_line' id='line_1_16' title="bbox 97 988 675 1030; baseline 0 -11"><span class='ocrx_word' id='word_1_81' title='bbox 97 989 151 1020; x_wconf 90' lang='lat' dir='ltr'>Sic</span> <span class='ocrx_word' id='word_1_82' title='bbox 191 989 280 1030; x_wconf 73' lang='lat' dir='ltr'>apud</span> <span class='ocrx_word' id='word_1_83' title='bbox 315 990 489 1022; x_wconf 81' lang='lat' dir='ltr'>Racinium</span> <span class='ocrx_word' id='word_1_84' title='bbox 521 988 655 1020; x_wconf 82' lang='lat' dir='ltr'>Phaedra</span> <span class='ocrx_word' id='word_1_85' title='bbox 666 1011 675 1027; x_wconf 93' lang='lat'>,</span> 
     </span>
     <span class='ocr_line' id='line_1_17' title="bbox 98 1035 678 1077; baseline 0 -11"><span class='ocrx_word' id='word_1_86' title='bbox 98 1037 175 1068; x_wconf 78' lang='lat' dir='ltr'>Act.</span> <span class='ocrx_word' id='word_1_87' title='bbox 203 1037 255 1075; x_wconf 89' lang='lat'>11,</span> <span class='ocrx_word' id='word_1_88' title='bbox 286 1037 337 1068; x_wconf 91' lang='lat' dir='ltr'>Sc.</span> <span class='ocrx_word' id='word_1_89' title='bbox 375 1037 395 1068; x_wconf 87' lang='grc'><strong><em>5</em></strong></span> <span class='ocrx_word' id='word_1_90' title='bbox 406 1059 416 1075; x_wconf 90' lang='grc'><strong>,</strong></span> <span class='ocrx_word' id='word_1_91' title='bbox 446 1035 487 1067; x_wconf 82' lang='lat' dir='ltr'>ad</span> <span class='ocrx_word' id='word_1_92' title='bbox 512 1043 678 1077; x_wconf 83' lang='lat' dir='ltr'>aspectum</span> 
     </span>
     <span class='ocr_line' id='line_1_18' title="bbox 98 1083 677 1125; baseline 0.002 -11"><span class='ocrx_word' id='word_1_93' title='bbox 98 1083 274 1125; x_wconf 82' lang='lat' dir='ltr'>Hippolyti</span> <span class='ocrx_word' id='word_1_94' title='bbox 287 1083 398 1115; x_wconf 79' lang='lat' dir='ltr'>subito</span> <span class='ocrx_word' id='word_1_95' title='bbox 425 1083 652 1115; x_wconf 80' lang='lat' dir='ltr'><strong>obmutescens</strong></span> <span class='ocrx_word' id='word_1_96' title='bbox 668 1093 677 1115; x_wconf 88' lang='lat'>:</span> 
     </span>
     <span class='ocr_line' id='line_1_19' title="bbox 98 1130 680 1172; baseline -0.002 -10"><span class='ocrx_word' id='word_1_97' title='bbox 98 1130 258 1169; x_wconf 80' lang='lat' dir='ltr'>J&#39;onblie,</span> <span class='ocrx_word' id='word_1_98' title='bbox 275 1141 316 1162; x_wconf 83' lang='lat' dir='ltr'>en</span> <span class='ocrx_word' id='word_1_99' title='bbox 336 1131 368 1162; x_wconf 85' lang='lat' dir='ltr'>le</span> <span class='ocrx_word' id='word_1_100' title='bbox 384 1138 532 1172; x_wconf 61' lang='lat' dir='ltr'>vorant,</span> <span class='ocrx_word' id='word_1_101' title='bbox 562 1141 599 1161; x_wconf 85' lang='lat' dir='ltr'>ee</span> <span class='ocrx_word' id='word_1_102' title='bbox 617 1142 680 1172; x_wconf 88' lang='lat' dir='ltr'>que</span> 
     </span>
     <span class='ocr_line' id='line_1_20' title="bbox 96 1176 680 1222; baseline -0.002 -13"><span class='ocrx_word' id='word_1_103' title='bbox 96 1177 131 1220; x_wconf 76' lang='lat' dir='ltr'>je</span> <span class='ocrx_word' id='word_1_104' title='bbox 145 1177 246 1209; x_wconf 79' lang='lat' dir='ltr'>viens</span> <span class='ocrx_word' id='word_1_105' title='bbox 257 1177 306 1209; x_wconf 82' lang='lat' dir='ltr'>lui</span> <span class='ocrx_word' id='word_1_106' title='bbox 325 1177 406 1210; x_wconf 85' lang='lat' dir='ltr'>dire.</span> <span class='ocrx_word' id='word_1_107' title='bbox 425 1178 556 1222; x_wconf 77' lang='lat' dir='ltr'>Lingua</span> <span class='ocrx_word' id='word_1_108' title='bbox 558 1176 680 1221; x_wconf 83' lang='lat' dir='ltr'>sacun-</span> 
     </span>
     <span class='ocr_line' id='line_1_21' title="bbox 99 1225 680 1268; baseline -0.002 -11"><span class='ocrx_word' id='word_1_109' title='bbox 99 1225 160 1263; x_wconf 81' lang='lat' dir='ltr'>da,</span> <span class='ocrx_word' id='word_1_110' title='bbox 178 1235 252 1268; x_wconf 79' lang='lat' dir='ltr'>quae</span> <span class='ocrx_word' id='word_1_111' title='bbox 264 1225 305 1257; x_wconf 69' lang='lat' dir='ltr'>nd</span> <span class='ocrx_word' id='word_1_112' title='bbox 316 1226 450 1257; x_wconf 89' lang='lat' dir='ltr'>intimos</span> <span class='ocrx_word' id='word_1_113' title='bbox 461 1236 574 1257; x_wconf 82' lang='lat' dir='ltr'>sensus</span> <span class='ocrx_word' id='word_1_114' title='bbox 595 1225 680 1256; x_wconf 58' lang='lat' dir='ltr'>foreis</span> 
     </span>
     <span class='ocr_line' id='line_1_22' title="bbox 96 1271 680 1315; baseline 0 -11"><span class='ocrx_word' id='word_1_115' title='bbox 96 1272 340 1315; x_wconf 82' lang='lat' dir='ltr'>expromendos</span> <span class='ocrx_word' id='word_1_116' title='bbox 349 1271 507 1305; x_wconf 68' lang='lat' dir='ltr'>hactenus</span> <span class='ocrx_word' id='word_1_117' title='bbox 517 1272 597 1304; x_wconf 84' lang='lat' dir='ltr'>mihi</span> <span class='ocrx_word' id='word_1_118' title='bbox 611 1284 680 1304; x_wconf 92' lang='lat' dir='ltr'>non</span> 
     </span>
     <span class='ocr_line' id='line_1_23' title="bbox 98 1319 679 1363; baseline -0.003 -11"><span class='ocrx_word' id='word_1_119' title='bbox 98 1319 256 1359; x_wconf 71' lang='lat' dir='ltr'>defuerat,</span> <span class='ocrx_word' id='word_1_120' title='bbox 272 1320 373 1359; x_wconf 80' lang='lat' dir='ltr'>cadit,</span> <span class='ocrx_word' id='word_1_121' title='bbox 393 1322 615 1363; x_wconf 79' lang='lat' dir='ltr'>intercipitur,</span> <span class='ocrx_word' id='word_1_122' title='bbox 641 1320 679 1351; x_wconf 85' lang='lat' dir='ltr'>si-</span> 
     </span>
     <span class='ocr_line' id='line_1_24' title="bbox 101 1367 679 1411; baseline -0.002 -12"><span class='ocrx_word' id='word_1_123' title='bbox 101 1367 200 1400; x_wconf 75' lang='lat' dir='ltr'>lentio</span> <span class='ocrx_word' id='word_1_124' title='bbox 221 1379 344 1411; x_wconf 85' lang='lat' dir='ltr'>parum</span> <span class='ocrx_word' id='word_1_125' title='bbox 376 1368 512 1406; x_wconf 83' lang='lat' dir='ltr'>decoro,</span> <span class='ocrx_word' id='word_1_126' title='bbox 548 1368 679 1399; x_wconf 86' lang='lat' dir='ltr'>silentio</span> 
     </span>
     <span class='ocr_line' id='line_1_25' title="bbox 102 1415 675 1459; baseline -0.003 -12"><span class='ocrx_word' id='word_1_127' title='bbox 102 1415 195 1459; x_wconf 77' lang='lat' dir='ltr'>quod</span> <span class='ocrx_word' id='word_1_128' title='bbox 228 1415 308 1447; x_wconf 82' lang='lat' dir='ltr'>mihi</span> <span class='ocrx_word' id='word_1_129' title='bbox 343 1415 504 1458; x_wconf 87' lang='lat' dir='ltr'>pudorem</span> <span class='ocrx_word' id='word_1_130' title='bbox 539 1416 675 1453; x_wconf 77' lang='lat' dir='ltr'>incutit,</span> 
     </span>
     <span class='ocr_line' id='line_1_26' title="bbox 103 1460 679 1495; baseline -0.003 -1"><span class='ocrx_word' id='word_1_131' title='bbox 103 1460 184 1494; x_wconf 65' lang='lat' dir='ltr'>dium</span> <span class='ocrx_word' id='word_1_132' title='bbox 206 1463 286 1495; x_wconf 87' lang='lat' dir='ltr'>mihi</span> <span class='ocrx_word' id='word_1_133' title='bbox 309 1462 545 1495; x_wconf 80' lang='lat' dir='ltr'>vehementiam</span> <span class='ocrx_word' id='word_1_134' title='bbox 567 1462 679 1493; x_wconf 89' lang='lat' dir='ltr'>libidi-</span> 
     </span>
     <span class='ocr_line' id='line_1_27' title="bbox 103 1510 682 1552; baseline -0.003 -11"><span class='ocrx_word' id='word_1_135' title='bbox 103 1510 154 1541; x_wconf 74' lang='lat' dir='ltr'>nis</span> <span class='ocrx_word' id='word_1_136' title='bbox 166 1521 245 1542; x_wconf 80' lang='lat' dir='ltr'>meae</span> <span class='ocrx_word' id='word_1_137' title='bbox 257 1511 444 1552; x_wconf 78' lang='lat' dir='ltr'>exprobrat.</span> <span class='ocrx_word' id='word_1_138' title='bbox 465 1512 549 1542; x_wconf 83' lang='lat' dir='ltr'>Nam</span> <span class='ocrx_word' id='word_1_139' title='bbox 562 1516 600 1540; x_wconf 89' lang='lat' dir='ltr'>ut</span> <span class='ocrx_word' id='word_1_140' title='bbox 613 1510 682 1551; x_wconf 89' lang='lat' dir='ltr'>ipse</span> 
     </span>
     <span class='ocr_line' id='line_1_28' title="bbox 103 1556 685 1600; baseline -0.002 -13"><span class='ocrx_word' id='word_1_141' title='bbox 103 1556 219 1589; x_wconf 71' lang='lat' dir='ltr'>fatetur</span> <span class='ocrx_word' id='word_1_142' title='bbox 227 1557 311 1590; x_wconf 50' lang='lat' dir='ltr'>inire</span> <span class='ocrx_word' id='word_1_143' title='bbox 319 1581 328 1597; x_wconf 93' lang='lat'>‚</span> <span class='ocrx_word' id='word_1_144' title='bbox 340 1557 444 1600; x_wconf 87' lang='lat' dir='ltr'>Epod.</span> <span class='ocrx_word' id='word_1_145' title='bbox 453 1559 514 1595; x_wconf 81' lang='lat' dir='ltr'>xl,</span> <span class='ocrx_word' id='word_1_146' title='bbox 524 1568 558 1599; x_wconf 86' lang='lat'>9,</span> <span class='ocrx_word' id='word_1_147' title='bbox 568 1568 685 1588; x_wconf 83' lang='lat' dir='ltr'>aman-</span> 
     </span>
     <span class='ocr_line' id='line_1_29' title="bbox 105 1604 682 1648; baseline 0 -13"><span class='ocrx_word' id='word_1_148' title='bbox 105 1611 217 1647; x_wconf 40' lang='lat' dir='ltr'>temxec</span> <span class='ocrx_word' id='word_1_149' title='bbox 229 1606 371 1648; x_wconf 80' lang='lat' dir='ltr'>languor</span> <span class='ocrx_word' id='word_1_150' title='bbox 384 1613 417 1637; x_wconf 77' lang='lat' dir='ltr'>et</span> <span class='ocrx_word' id='word_1_151' title='bbox 437 1604 602 1637; x_wconf 81' lang='lat' dir='ltr'>silentium</span> <span class='ocrx_word' id='word_1_152' title='bbox 618 1606 682 1636; x_wconf 84' lang='lat' dir='ltr'>Ar-</span> 
     </span>
     <span class='ocr_line' id='line_1_30' title="bbox 103 1651 186 1695; baseline 0.012 -13"><span class='ocrx_word' id='word_1_153' title='bbox 103 1651 186 1695; x_wconf 73' lang='lat' dir='ltr'>guit-</span> 
     </span>
     <span class='ocr_line' id='line_1_31' title="bbox 153 1699 682 1742; baseline -0.002 -11"><span class='ocrx_word' id='word_1_154' title='bbox 153 1709 187 1740; x_wconf 84' lang='lat'>9.</span> <span class='ocrx_word' id='word_1_155' title='bbox 203 1699 378 1731; x_wconf 77' lang='lat' dir='ltr'>Nocturnis</span> <span class='ocrx_word' id='word_1_156' title='bbox 389 1711 449 1742; x_wconf 75' lang='lat' dir='ltr'>ego</span> <span class='ocrx_word' id='word_1_157' title='bbox 462 1699 594 1732; x_wconf 85' lang='lat' dir='ltr'>somniis</span> <span class='ocrx_word' id='word_1_158' title='bbox 604 1700 682 1730; x_wconf 79' lang='grc' dir='ltr'>Ιὰιη</span> 
     </span>
     <span class='ocr_line' id='line_1_32' title="bbox 103 1749 682 1790; baseline -0.002 -12"><span class='ocrx_word' id='word_1_159' title='bbox 103 1754 237 1789; x_wconf 76' lang='lat' dir='ltr'>captum</span> <span class='ocrx_word' id='word_1_160' title='bbox 262 1754 357 1779; x_wconf 78' lang='lat' dir='ltr'>teneo</span> <span class='ocrx_word' id='word_1_161' title='bbox 377 1759 390 1779; x_wconf 81' lang='grc'>.-</span> <span class='ocrx_word' id='word_1_162' title='bbox 410 1749 480 1790; x_wconf 82' lang='lat' dir='ltr'>Ego</span> <span class='ocrx_word' id='word_1_163' title='bbox 508 1755 556 1787; x_wconf 87' lang='lat' dir='ltr'>te,</span> <span class='ocrx_word' id='word_1_164' title='bbox 585 1758 682 1789; x_wconf 89' lang='lat' dir='ltr'>quem</span> 
     </span>
    </p>
   </div>
   <div class='ocr_carea' id='block_1_5' title="bbox 727 609 1321 1778">
    <p class='ocr_par' dir='ltr' id='par_1_5' title="bbox 727 609 1321 1778">
     <span class='ocr_line' id='line_1_33' title="bbox 728 609 1314 652; baseline 0 -11"><span class='ocrx_word' id='word_1_165' title='bbox 728 610 865 652; x_wconf 79' lang='lat' dir='ltr'>vigilans</span> <span class='ocrx_word' id='word_1_166' title='bbox 880 609 996 650; x_wconf 89' lang='lat' dir='ltr'>cupi0‚</span> <span class='ocrx_word' id='word_1_167' title='bbox 1019 618 1077 649; x_wconf 88' lang='lat' dir='ltr'>per</span> <span class='ocrx_word' id='word_1_168' title='bbox 1107 615 1240 639; x_wconf 85' lang='lat' dir='ltr'>noctem</span> <span class='ocrx_word' id='word_1_169' title='bbox 1265 616 1314 641; x_wconf 82' lang='lat' dir='ltr'>te-</span> 
     </span>
     <span class='ocr_line' id='line_1_34' title="bbox 727 655 1309 698; baseline 0.003 -10"><span class='ocrx_word' id='word_1_170' title='bbox 727 667 805 688; x_wconf 76' lang='lat' dir='ltr'>nere</span> <span class='ocrx_word' id='word_1_171' title='bbox 834 663 866 687; x_wconf 87' lang='lat' dir='ltr'>et</span> <span class='ocrx_word' id='word_1_172' title='bbox 894 656 1045 698; x_wconf 84' lang='lat' dir='ltr'>amplecti</span> <span class='ocrx_word' id='word_1_173' title='bbox 1070 655 1155 686; x_wconf 85' lang='lat' dir='ltr'>mihi</span> <span class='ocrx_word' id='word_1_174' title='bbox 1184 655 1309 690; x_wconf 86' lang='lat' dir='ltr'>videor.</span> 
     </span>
     <span class='ocr_line' id='line_1_35' title="bbox 728 702 1308 746; baseline 0.002 -12"><span class='ocrx_word' id='word_1_175' title='bbox 728 706 803 746; x_wconf 86' lang='lat' dir='ltr'>Quo</span> <span class='ocrx_word' id='word_1_176' title='bbox 834 704 972 746; x_wconf 82' lang='lat' dir='ltr'>quisque</span> <span class='ocrx_word' id='word_1_177' title='bbox 1010 704 1046 734; x_wconf 90' lang='lat' dir='ltr'>in</span> <span class='ocrx_word' id='word_1_178' title='bbox 1079 702 1190 734; x_wconf 85' lang='lat' dir='ltr'>studio</span> <span class='ocrx_word' id='word_1_179' title='bbox 1223 703 1308 735; x_wconf 88' lang='lat' dir='ltr'>diem</span> 
     </span>
     <span class='ocr_line' id='line_1_36' title="bbox 729 749 1311 794; baseline 0.002 -12"><span class='ocrx_word' id='word_1_180' title='bbox 729 753 870 782; x_wconf 83' lang='lat' dir='ltr'>conterit</span> <span class='ocrx_word' id='word_1_181' title='bbox 881 774 890 790; x_wconf 90' lang='lat'>‚</span> <span class='ocrx_word' id='word_1_182' title='bbox 901 758 933 782; x_wconf 84' lang='lat' dir='ltr'>et</span> <span class='ocrx_word' id='word_1_183' title='bbox 947 749 1069 792; x_wconf 86' lang='lat' dir='ltr'>quibus</span> <span class='ocrx_word' id='word_1_184' title='bbox 1083 750 1117 781; x_wconf 89' lang='lat' dir='ltr'>iu</span> <span class='ocrx_word' id='word_1_185' title='bbox 1131 751 1219 782; x_wconf 76' lang='lat' dir='ltr'>curis</span> <span class='ocrx_word' id='word_1_186' title='bbox 1230 753 1311 794; x_wconf 83' lang='lat' dir='ltr'>vigi-</span> 
     </span>
     <span class='ocr_line' id='line_1_37' title="bbox 727 798 1314 840; baseline 0.002 -11"><span class='ocrx_word' id='word_1_187' title='bbox 727 798 798 829; x_wconf 83' lang='lat' dir='ltr'>lans</span> <span class='ocrx_word' id='word_1_188' title='bbox 813 798 875 829; x_wconf 85' lang='lat' dir='ltr'>fuit</span> <span class='ocrx_word' id='word_1_189' title='bbox 888 805 1087 840; x_wconf 84' lang='lat' dir='ltr'>occupatus,</span> <span class='ocrx_word' id='word_1_190' title='bbox 1107 809 1158 828; x_wconf 86' lang='lat' dir='ltr'>eas</span> <span class='ocrx_word' id='word_1_191' title='bbox 1172 798 1314 840; x_wconf 73' lang='lat' dir='ltr'>plerum-</span> 
     </span>
     <span class='ocr_line' id='line_1_38' title="bbox 728 845 1315 888; baseline 0.003 -12"><span class='ocrx_word' id='word_1_192' title='bbox 728 857 792 888; x_wconf 89' lang='lat' dir='ltr'>que</span> <span class='ocrx_word' id='word_1_193' title='bbox 812 846 973 876; x_wconf 81' lang='lat' dir='ltr'>somniare</span> <span class='ocrx_word' id='word_1_194' title='bbox 986 845 1079 877; x_wconf 85' lang='lat' dir='ltr'>solet.</span> <span class='ocrx_word' id='word_1_195' title='bbox 1089 847 1194 876; x_wconf 82' lang='lat' dir='ltr'>Hunc</span> <span class='ocrx_word' id='word_1_196' title='bbox 1204 846 1315 878; x_wconf 89' lang='lat' dir='ltr'>locum</span> 
     </span>
     <span class='ocr_line' id='line_1_39' title="bbox 729 891 1315 925; baseline 0.003 -2"><span class='ocrx_word' id='word_1_197' title='bbox 729 904 771 923; x_wconf 83' lang='lat' dir='ltr'>ex</span> <span class='ocrx_word' id='word_1_198' title='bbox 798 900 915 924; x_wconf 83' lang='lat' dir='ltr'>octavo</span> <span class='ocrx_word' id='word_1_199' title='bbox 943 899 975 923; x_wconf 86' lang='lat' dir='ltr'>et</span> <span class='ocrx_word' id='word_1_200' title='bbox 1002 891 1198 924; x_wconf 82' lang='lat' dir='ltr'>duodecimo</span> <span class='ocrx_word' id='word_1_201' title='bbox 1226 895 1315 925; x_wconf 79' lang='lat' dir='ltr'>Ana-</span> 
     </span>
     <span class='ocr_line' id='line_1_40' title="bbox 731 941 1315 982; baseline 0.002 -11"><span class='ocrx_word' id='word_1_202' title='bbox 731 941 873 971; x_wconf 86' lang='lat' dir='ltr'>creontis</span> <span class='ocrx_word' id='word_1_203' title='bbox 889 941 1030 971; x_wconf 81' lang='lat' dir='ltr'>carmine</span> <span class='ocrx_word' id='word_1_204' title='bbox 1039 950 1227 982; x_wconf 84' lang='lat' dir='ltr'>expressum</span> <span class='ocrx_word' id='word_1_205' title='bbox 1239 942 1315 972; x_wconf 84' lang='lat' dir='ltr'>fuis-</span> 
     </span>
     <span class='ocr_line' id='line_1_41' title="bbox 731 987 1315 1020; baseline 0.003 -2"><span class='ocrx_word' id='word_1_206' title='bbox 731 999 764 1018; x_wconf 86' lang='lat' dir='ltr'>se</span> <span class='ocrx_word' id='word_1_207' title='bbox 779 987 871 1018; x_wconf 76' lang='lat' dir='ltr'>facile</span> <span class='ocrx_word' id='word_1_208' title='bbox 887 987 1092 1019; x_wconf 85' lang='lat' dir='ltr'>crediderim.</span> <span class='ocrx_word' id='word_1_209' title='bbox 1106 1006 1154 1011; x_wconf 97' lang='lat'><strong>—</strong></span> <span class='ocrx_word' id='word_1_210' title='bbox 1169 989 1249 1020; x_wconf 85' lang='lat' dir='ltr'>Te...</span> <span class='ocrx_word' id='word_1_211' title='bbox 1261 996 1292 1020; x_wconf 80' lang='lat' dir='ltr'>te</span> <span class='ocrx_word' id='word_1_212' title='bbox 1303 1001 1315 1019; x_wconf 92' lang='lat'><em>:</em></span> 
     </span>
     <span class='ocr_line' id='line_1_42' title="bbox 732 1033 1317 1076; baseline 0.003 -10"><span class='ocrx_word' id='word_1_213' title='bbox 732 1041 810 1066; x_wconf 77' lang='lat' dir='ltr'>nota</span> <span class='ocrx_word' id='word_1_214' title='bbox 826 1036 1050 1076; x_wconf 79' lang='lat' dir='ltr'>repetitionem</span> <span class='ocrx_word' id='word_1_215' title='bbox 1066 1033 1199 1066; x_wconf 64' lang='lat' dir='ltr'>affectus</span> <span class='ocrx_word' id='word_1_216' title='bbox 1213 1042 1317 1068; x_wconf 88' lang='lat' dir='ltr'>tener-</span> 
     </span>
     <span class='ocr_line' id='line_1_43' title="bbox 733 1082 1315 1124; baseline 0.007 -12"><span class='ocrx_word' id='word_1_217' title='bbox 733 1083 809 1113; x_wconf 93' lang='lat' dir='ltr'>rimi</span> <span class='ocrx_word' id='word_1_218' title='bbox 840 1082 988 1124; x_wconf 82' lang='lat' dir='ltr'>plenam3</span> <span class='ocrx_word' id='word_1_219' title='bbox 1018 1090 1070 1120; x_wconf 83' lang='lat' dir='ltr'>te,</span> <span class='ocrx_word' id='word_1_220' title='bbox 1101 1093 1170 1114; x_wconf 90' lang='lat' dir='ltr'>non</span> <span class='ocrx_word' id='word_1_221' title='bbox 1203 1083 1315 1117; x_wconf 80' lang='lat' dir='ltr'>alium.</span> 
     </span>
     <span class='ocr_line' id='line_1_44' title="bbox 733 1129 1316 1174; baseline 0.003 -13"><span class='ocrx_word' id='word_1_222' title='bbox 733 1130 786 1161; x_wconf 91' lang='lat' dir='ltr'>Sic</span> <span class='ocrx_word' id='word_1_223' title='bbox 798 1137 830 1160; x_wconf 92' lang='lat' dir='ltr'>et</span> <span class='ocrx_word' id='word_1_224' title='bbox 845 1131 936 1173; x_wconf 85' lang='lat' dir='ltr'>Virg.</span> <span class='ocrx_word' id='word_1_225' title='bbox 960 1129 1131 1172; x_wconf 84' lang='lat' dir='ltr'>Orpheum</span> <span class='ocrx_word' id='word_1_226' title='bbox 1143 1130 1195 1162; x_wconf 82' lang='lat' dir='ltr'>bis</span> <span class='ocrx_word' id='word_1_227' title='bbox 1217 1138 1316 1174; x_wconf 85' lang='lat' dir='ltr'>raptae</span> 
     </span>
     <span class='ocr_line' id='line_1_45' title="bbox 734 1176 1317 1220; baseline 0.005 -13"><span class='ocrx_word' id='word_1_228' title='bbox 734 1178 867 1220; x_wconf 87' lang='lat' dir='ltr'>conjugi</span> <span class='ocrx_word' id='word_1_229' title='bbox 894 1176 1113 1216; x_wconf 87' lang='lat' dir='ltr'>indolentem‚</span> <span class='ocrx_word' id='word_1_230' title='bbox 1139 1180 1317 1211; x_wconf 71' lang='lat' dir='ltr'>notissimis</span> 
     </span>
     <span class='ocr_line' id='line_1_46' title="bbox 733 1224 1319 1258; baseline 0.005 -3"><span class='ocrx_word' id='word_1_231' title='bbox 733 1224 822 1255; x_wconf 87' lang='lat' dir='ltr'>hisce</span> <span class='ocrx_word' id='word_1_232' title='bbox 843 1225 991 1256; x_wconf 85' lang='lat' dir='ltr'>versibus</span> <span class='ocrx_word' id='word_1_233' title='bbox 1009 1225 1138 1256; x_wconf 88' lang='lat' dir='ltr'>inducit</span> <span class='ocrx_word' id='word_1_234' title='bbox 1155 1235 1163 1257; x_wconf 91' lang='lat'>:</span> <span class='ocrx_word' id='word_1_235' title='bbox 1182 1228 1229 1258; x_wconf 85' lang='lat' dir='ltr'>Te</span> <span class='ocrx_word' id='word_1_236' title='bbox 1245 1226 1319 1258; x_wconf 85' lang='lat' dir='ltr'>dul-</span> 
     </span>
     <span class='ocr_line' id='line_1_47' title="bbox 734 1271 1319 1315; baseline 0.005 -13"><span class='ocrx_word' id='word_1_237' title='bbox 734 1272 780 1302; x_wconf 85' lang='lat' dir='ltr'>cis</span> <span class='ocrx_word' id='word_1_238' title='bbox 795 1271 935 1315; x_wconf 71' lang='lat' dir='ltr'>conjux,</span> <span class='ocrx_word' id='word_1_239' title='bbox 954 1279 985 1303; x_wconf 86' lang='lat' dir='ltr'>te</span> <span class='ocrx_word' id='word_1_240' title='bbox 1004 1273 1072 1304; x_wconf 85' lang='lat' dir='ltr'>solo</span> <span class='ocrx_word' id='word_1_241' title='bbox 1095 1273 1130 1304; x_wconf 84' lang='lat' dir='ltr'>in</span> <span class='ocrx_word' id='word_1_242' title='bbox 1147 1273 1253 1305; x_wconf 78' lang='lat' dir='ltr'>lictore</span> <span class='ocrx_word' id='word_1_243' title='bbox 1270 1285 1319 1306; x_wconf 87' lang='lat' dir='ltr'>se-</span> 
     </span>
     <span class='ocr_line' id='line_1_48' title="bbox 735 1319 1318 1359; baseline 0.005 -9"><span class='ocrx_word' id='word_1_244' title='bbox 735 1330 807 1350; x_wconf 88' lang='lat' dir='ltr'>cum</span> <span class='ocrx_word' id='word_1_245' title='bbox 818 1343 829 1358; x_wconf 91' lang='lat'><em>‚</em></span> <span class='ocrx_word' id='word_1_246' title='bbox 844 1321 891 1351; x_wconf 88' lang='lat' dir='ltr'>Te</span> <span class='ocrx_word' id='word_1_247' title='bbox 909 1319 1071 1351; x_wconf 78' lang='lat' dir='ltr'>veniente</span> <span class='ocrx_word' id='word_1_248' title='bbox 1085 1321 1159 1359; x_wconf 82' lang='lat' dir='ltr'>die,</span> <span class='ocrx_word' id='word_1_249' title='bbox 1181 1328 1213 1352; x_wconf 86' lang='lat' dir='ltr'>te</span> <span class='ocrx_word' id='word_1_250' title='bbox 1226 1322 1318 1354; x_wconf 80' lang='lat' dir='ltr'>dece-</span> 
     </span>
     <span class='ocr_line' id='line_1_49' title="bbox 734 1367 1315 1411; baseline 0.005 -13"><span class='ocrx_word' id='word_1_251' title='bbox 734 1367 832 1398; x_wconf 83' lang='lat' dir='ltr'>dente</span> <span class='ocrx_word' id='word_1_252' title='bbox 846 1367 989 1398; x_wconf 82' lang='lat' dir='ltr'>canebat</span> <span class='ocrx_word' id='word_1_253' title='bbox 997 1379 1010 1404; x_wconf 88' lang='lat'><em>;</em></span> <span class='ocrx_word' id='word_1_254' title='bbox 1027 1368 1147 1411; x_wconf 85' lang='lat' dir='ltr'>Georg.</span> <span class='ocrx_word' id='word_1_255' title='bbox 1161 1370 1219 1407; x_wconf 88' lang='lat' dir='ltr'>IV,</span> <span class='ocrx_word' id='word_1_256' title='bbox 1235 1370 1315 1406; x_wconf 78' lang='lat'>465.</span> 
     </span>
     <span class='ocr_line' id='line_1_50' title="bbox 735 1414 1316 1459; baseline 0.007 -15"><span class='ocrx_word' id='word_1_257' title='bbox 735 1433 780 1438; x_wconf 89' lang='lat'><strong>—</strong></span> <span class='ocrx_word' id='word_1_258' title='bbox 798 1417 864 1445; x_wconf 85' lang='lat' dir='ltr'>Per</span> <span class='ocrx_word' id='word_1_259' title='bbox 871 1414 1030 1458; x_wconf 79' lang='lat' dir='ltr'>gramina</span> <span class='ocrx_word' id='word_1_260' title='bbox 1045 1415 1162 1446; x_wconf 81' lang='lat' dir='ltr'>Marcii</span> <span class='ocrx_word' id='word_1_261' title='bbox 1180 1417 1292 1459; x_wconf 85' lang='lat' dir='ltr'>campi</span> <span class='ocrx_word' id='word_1_262' title='bbox 1304 1428 1316 1448; x_wconf 76' lang='lat'>.-</span> 
     </span>
     <span class='ocr_line' id='line_1_51' title="bbox 734 1461 1318 1504; baseline 0.007 -12"><span class='ocrx_word' id='word_1_263' title='bbox 734 1463 770 1493; x_wconf 90' lang='lat' dir='ltr'>in</span> <span class='ocrx_word' id='word_1_264' title='bbox 797 1461 919 1503; x_wconf 86' lang='lat' dir='ltr'>quibus</span> <span class='ocrx_word' id='word_1_265' title='bbox 942 1463 1195 1504; x_wconf 84' lang='lat' dir='ltr'>pulcherrimam</span> <span class='ocrx_word' id='word_1_266' title='bbox 1215 1474 1318 1496; x_wconf 83' lang='lat' dir='ltr'>mem—</span> 
     </span>
     <span class='ocr_line' id='line_1_52' title="bbox 735 1509 1320 1554; baseline 0.007 -15"><span class='ocrx_word' id='word_1_267' title='bbox 735 1509 872 1540; x_wconf 85' lang='lat' dir='ltr'>brorum</span> <span class='ocrx_word' id='word_1_268' title='bbox 891 1509 1137 1552; x_wconf 79' lang='lat' dir='ltr'>dispositionem</span> <span class='ocrx_word' id='word_1_269' title='bbox 1154 1511 1320 1554; x_wconf 75' lang='lat' dir='ltr'>explicare</span> 
     </span>
     <span class='ocr_line' id='line_1_53' title="bbox 737 1558 1320 1601; baseline 0.005 -14"><span class='ocrx_word' id='word_1_270' title='bbox 737 1563 864 1599; x_wconf 86' lang='lat' dir='ltr'>poterat</span> <span class='ocrx_word' id='word_1_271' title='bbox 882 1558 1067 1600; x_wconf 79' lang='lat' dir='ltr'>Ligurinas.</span> <span class='ocrx_word' id='word_1_272' title='bbox 1082 1576 1130 1582; x_wconf 91' lang='lat'><em>-</em></span> <span class='ocrx_word' id='word_1_273' title='bbox 1141 1560 1207 1590; x_wconf 89' lang='lat' dir='ltr'>Per</span> <span class='ocrx_word' id='word_1_274' title='bbox 1214 1570 1320 1601; x_wconf 82' lang='lat' dir='ltr'>aquas</span> 
     </span>
     <span class='ocr_line' id='line_1_54' title="bbox 738 1604 1320 1647; baseline 0.007 -13"><span class='ocrx_word' id='word_1_275' title='bbox 738 1604 899 1635; x_wconf 77' lang='lat' dir='ltr'>volubiles</span> <span class='ocrx_word' id='word_1_276' title='bbox 928 1616 940 1635; x_wconf 89' lang='lat'><em>:</em></span> <span class='ocrx_word' id='word_1_277' title='bbox 976 1615 1050 1646; x_wconf 87' lang='lat' dir='ltr'>qnae</span> <span class='ocrx_word' id='word_1_278' title='bbox 1076 1606 1150 1647; x_wconf 88' lang='lat' dir='ltr'>ipso</span> <span class='ocrx_word' id='word_1_279' title='bbox 1180 1608 1320 1638; x_wconf 80' lang='lat' dir='ltr'>natantis</span> 
     </span>
     <span class='ocr_line' id='line_1_55' title="bbox 738 1651 1321 1694; baseline 0.005 -12"><span class='ocrx_word' id='word_1_280' title='bbox 738 1651 881 1693; x_wconf 88' lang='lat' dir='ltr'>impulsu</span> <span class='ocrx_word' id='word_1_281' title='bbox 898 1651 1042 1694; x_wconf 74' lang='lat' dir='ltr'>rapidius</span> <span class='ocrx_word' id='word_1_282' title='bbox 1057 1653 1147 1685; x_wconf 89' lang='lat' dir='ltr'>volvi</span> <span class='ocrx_word' id='word_1_283' title='bbox 1166 1654 1321 1685; x_wconf 82' lang='lat' dir='ltr'>videban-</span> 
     </span>
     <span class='ocr_line' id='line_1_56' title="bbox 739 1700 1315 1742; baseline 0.009 -13"><span class='ocrx_word' id='word_1_284' title='bbox 739 1706 802 1730; x_wconf 85' lang='lat' dir='ltr'>tur.</span> <span class='ocrx_word' id='word_1_285' title='bbox 818 1717 865 1723; x_wconf 90' lang='lat'><em>-</em></span> <span class='ocrx_word' id='word_1_286' title='bbox 881 1701 970 1730; x_wconf 85' lang='lat' dir='ltr'>Dure</span> <span class='ocrx_word' id='word_1_287' title='bbox 986 1711 998 1730; x_wconf 92' lang='lat'>.·</span> <span class='ocrx_word' id='word_1_288' title='bbox 1014 1706 1051 1730; x_wconf 89' lang='lat' dir='ltr'>ut</span> <span class='ocrx_word' id='word_1_289' title='bbox 1063 1700 1164 1742; x_wconf 82' lang='lat' dir='ltr'>infra,</span> <span class='ocrx_word' id='word_1_290' title='bbox 1183 1702 1242 1742; x_wconf 89' lang='lat' dir='ltr'>IV,</span> <span class='ocrx_word' id='word_1_291' title='bbox 1263 1713 1315 1741; x_wconf 72' lang='grc' dir='ltr'>κο,</span> 
     </span>
     <span class='ocr_line' id='line_1_57' title="bbox 739 1746 1058 1778; baseline 0 -1"><span class='ocrx_word' id='word_1_292' title='bbox 739 1747 768 1777; x_wconf 91' lang='grc' dir='ltr'><em>Ο</em></span> <span class='ocrx_word' id='word_1_293' title='bbox 782 1746 921 1778; x_wconf 76' lang='lat' dir='ltr'>crudelis</span> <span class='ocrx_word' id='word_1_294' title='bbox 930 1746 1037 1777; x_wconf 72' lang='lat' dir='ltr'>adhicc</span> <span class='ocrx_word' id='word_1_295' title='bbox 1044 1749 1058 1777; x_wconf 92' lang='lat'><em>!</em></span> 
     </span>
    </p>
   </div>
  </div>
 </body>
</html>
