1422 2528
185 0 205 21 Γ.
219 0 278 19 fl*
303 31 320 42 »a

20 166 27 183 l

549 123 633 154 LIB.
658 123 673 154 1
698 98 860 155 SATIRA
885 124 945 156 lx.

1294 123 1360 154 263

2 188 31 221 ’Ψ
80 206 82 209 -
116 195 124 199 “
139 185 330 234 Tempore
349 181 495 228 dicam;
510 179 629 218 hodie
644 180 841 220 tricesima
857 181 1034 220 sabbata.
1050 181 1137 221 Vin'
1158 191 1200 220 tu

141 244 270 284 Curtis
283 243 426 283 Judaeis
445 242 665 295 oppedere?
680 264 734 270 —
749 243 865 281 Nulla
885 244 1000 293 mihi,
1018 246 1176 296 inquam
1191 272 1202 290 ‚
1329 258 1362 285 7⁶

142 304 309 356 Relligio
329 312 386 343 est
404 306 574 342 ²⁰.—At
593 301 666 351 mi;
681 317 767 342 sum
785 303 903 356 paulo
923 305 1135 353 infirmior3
1154 317 1255 342 unus

138 367 371 413 Multorum
391 365 584 417 ignosces3
607 366 700 403 alias
719 366 868 416 loquar.
888 389 942 395 —
960 368 1162 405 Hunccine
1183 365 1306 404 solem

139 429 235 466 Tam
250 427 406 479 nigrum
426 429 588 467 surrexe
603 435 631 451 ²²
654 427 772 466 mihi!
790 429 907 479 Fugit
922 429 1148 482 improbus,
1168 442 1211 467 ac
1235 442 1296 467 me

142 488 226 528 Sub
241 483 367 528 cultro
381 488 535 541 linquit.
553 491 655 527 Casu
669 489 777 528 venit
791 490 932 529 obvius
951 491 1008 529 illi

144 548 423 599 Adversarius,
444 558 482 588 et
500 564 509 586 :
532 568 547 584 α
561 548 650 597 Quo
670 560 730 599 tu,
750 552 996 602 turpissime?
1013 569 1028 587 υ
1049 554 1187 604 magna
1331 562 1364 596 7⁶

146 611 334 650 Inclamat
354 624 470 660 voce,
488 619 527 650 et
542 626 551 649 :
568 629 583 646 «
598 612 707 651 Licet
724 614 907 651 antestari
921 621 951 636 ²2
963 615 979 651 Ρ
992 615 1073 666 Ego
1089 612 1184 652 verb

10 259 27 319 ’Σ

10 318 37 356 ¹*

11 402 30 433 ’,ν
38 400 51 407 “·

12 437 29 475 ᾗ)

16 455 42 533 23

141 798 297 830 Molierio
319 797 437 841 dignus
466 804 524 830 est.
551 814 597 822 -·
617 798 724 831 Hodie

140 845 306 877 tricesima
331 845 476 876 Sabbata
499 856 510 876 :
533 848 722 886 neomenia,

140 892 175 923 id
191 900 257 932 est,
277 894 404 935 primus
422 892 490 924 dies
509 895 646 932 mensis,
666 895 723 936 qui

139 940 214 982 post
237 940 306 971 dies
331 941 463 982 triginta
487 940 589 971 ferme
615 952 723 971 recur-

118 1023 120 1026 y
139 988 194 1019 rit.
223 989 331 1019 Vocat
354 987 449 1018 illum
473 987 723 1026 diem‚„Sabba-

140 1042 230 1072 tum,
258 1034 335 1076 quia
368 1035 468 1066 festus
495 1034 563 1066 dies
586 1035 720 1067 Judaeo-

139 1092 214 1112 rum
238 1081 337 1124 vulgo
365 1082 542 1114 Sabbatum
572 1090 656 1122 erat3
690 1090 722 1114 et

139 1135 222 1160 noto
259 1128 349 1170 apud
385 1131 550 1161 Romanos
587 1132 721 1161 nomine

139 1185 219 1206 usus
242 1177 399 1207 Horatius
423 1184 480 1208 est.
506 1177 721 1208 Tricesimum

135 1222 220 1254 illud
236 1223 432 1262 Sabbatum,
452 1223 584 1266 quidam
603 1225 720 1256 volunt

138 1281 206 1301 esse
232 1272 340 1314 ipsum
369 1271 505 1310 Pascha,
541 1272 629 1314 quod
655 1272 719 1303 hoc

138 1328 225 1349 anno
237 1318 397 1349 incideret
411 1320 445 1350 in
460 1319 605 1350 medium
622 1321 719 1361 Apri-

135 1365 201 1396 lem
214 1373 222 1397 :
239 1364 257 1396 ὲ
271 1376 380 1397 mense
394 1366 502 1398 autem
516 1367 717 1408 Septembri,

137 1412 226 1444 unde
240 1423 337 1444 suum
353 1424 477 1444 aunum
495 1415 516 1445 J
518 1414 602 1445 udaei
617 1414 716 1446 duce-

135 1459 232 1499 bant,
268 1460 372 1502 usque
405 1460 445 1491 ad
476 1462 624 1503 Aprilem
648 1473 716 1493 me-

135 1506 246 1547 dinm,
261 1515 476 1539 numerantur
489 1509 567 1550 ipsae
584 1510 715 1552 triginta

134 1553 356 1586 hebdomadae.
379 1557 485 1588 Nemo
520 1557 629 1587 autem
658 1568 715 1588 ne·

134 1603 214 1642 scit,
233 1601 333 1645 quam
357 1602 504 1645 religiose
527 1604 645 1635 Pascha
663 1615 714 1636 co·

133 1649 255 1680 leretur
272 1649 290 1680 a
305 1651 326 1682 J
329 1649 446 1688 udaeis,
461 1651 613 1692 nefasque
633 1650 712 1683 tunc

135 1695 223 1738 apud
250 1697 324 1728 illos
353 1697 450 1728 fuisse
478 1699 601 1741 negotii
632 1699 713 1741 quid

135 1754 228 1786 agere
237 1767 246 1782 ,
261 1744 315 1775 vel
328 1746 447 1786 privati
459 1745 512 1776 vel
523 1745 714 1787 publici.—

136 1790 211 1821 Vin'
223 1798 258 1822 tu
274 1791 380 1823 Curcis
393 1792 519 1823 Judaeis
533 1794 712 1834 oppederes'

134 1839 155 1869 J
159 1837 267 1870 udaeos
296 1839 504 1871 circumcisos
535 1847 567 1871 et
597 1852 711 1873 eorum

133 1885 325 1928 religionem
350 1886 495 1919 irridere.
522 1888 706 1929 Oppedere,

132 1943 199 1964 vox
228 1932 345 1975 parum
380 1933 533 1971 honesta,
569 1942 601 1966 et
633 1947 711 1967 con-

132 1982 272 2022 temptui
291 1981 506 2023 exprimendo
528 1984 708 2024 aptissima;

131 2038 265 2058 summae
290 2028 377 2059 enim
400 2030 643 2062 inverecundiae
663 2039 711 2062 est

132 2076 254 2106 ventris
279 2077 438 2118 crepitum
466 2077 597 2118 publice
623 2079 711 2109 emit-

133 2129 219 2160 tere,
237 2129 270 2152 et
288 2125 440 2154 emissum
456 2135 497 2154 ex
518 2135 557 2155 eo
574 2124 711 2156 odorem

133 2169 266 2200 naribus
281 2170 464 2202 vicinorum
478 2173 662 2214 propinare.

181 2226 237 2249 20.
275 2218 379 2248 Nulla
417 2218 515 2256 mihi,
554 2218 708 2261 inquam,

134 2263 274 2306 Belligio
289 2272 339 2295 est
349 2277 361 2296 .·
374 2265 451 2297 huic
473 2267 635 2308 relligioni
649 2267 712 2311 (de

773 798 903 835 Judaeis
936 800 1023 831 enim
1050 798 1138 830 solus
1162 809 1267 829 sermo
1292 799 1360 840 est)

777 847 902 883 nullam
919 847 1019 878 fidem
1031 847 1149 879 habeo.
1163 847 1196 876 Si
1214 857 1248 877 se
1260 848 1362 877 Hora-

777 896 860 926 tium
874 896 1011 926 cuilibet
1025 894 1160 925 deorum
1174 894 1278 924 cultui
1289 894 1362 924 alie·

777 953 857 973 num
891 941 1112 985 profiteretur,
1157 941 1221 972 sibi
1239 941 1246 979 ὲ
1263 941 1360 972 nimis

777 990 945 1021 evidenter
958 988 1207 1028 contradiceret,
1228 989 1303 1030 qui,
1324 989 1360 1019 in

777 1036 839 1068 ode
859 1040 1005 1069 XXXIV
1015 1037 1093 1069 libri
1109 1037 1225 1078 primi,
1242 1037 1358 1078 impie-

777 1091 874 1115 tatem
906 1086 1060 1125 ejuravit,
1101 1094 1237 1126 eamque
1268 1083 1359 1114 insa-

778 1131 898 1163 nientis
913 1131 1082 1174 sapienciae
1098 1131 1195 1162 titulo
1210 1130 1358 1162 donavit.

777 1197 824 1202 --
844 1181 891 1210 Ac
911 1181 987 1211 ml:
1008 1187 1041 1210 at
1057 1179 1157 1218 mihi,
1181 1178 1357 1220 respondet

774 1228 934 1266 Aristius,
963 1227 1070 1269 aliqua
1096 1226 1194 1257 etiam
1221 1226 1262 1256 de
1292 1227 1315 1258 J
1318 1237 1354 1257 u-

774 1274 870 1312 daeis,
896 1274 1021 1316 relligio
1043 1281 1108 1313 est,
1126 1273 1215 1316 quod
1231 1274 1354 1311 statim,

773 1322 866 1364 quasi
899 1321 1115 1363 pudibundus
1126 1344 1135 1360 ,
1172 1319 1356 1352 infirmitati

772 1379 839 1400 suae
856 1368 984 1401 tribuit.
996 1387 1043 1392 —
1057 1371 1146 1401 Unus
1157 1368 1330 1399 multorum
1342 1381 1354 1399 :

771 1417 806 1447 in
834 1415 868 1447 ea
899 1417 1146 1457 superstitione,
1176 1415 1354 1458 plebeculae

770 1462 894 1495 similis.
924 1463 1019 1495 Unde
1031 1487 1039 1503 ‚
1074 1464 1134 1494 nec
1167 1463 1350 1502 immerito,

770 1511 1005 1542 concluserunt
1036 1511 1228 1554 sagacissimi
1252 1511 1352 1541 inter-

767 1565 874 1600 pretes
884 1581 893 1597 ,
906 1558 972 1598 jzim
986 1559 1049 1590 sub
1064 1560 1232 1601 Augusto,
1247 1558 1351 1600 legem

767 1606 945 1637 Mosa'icam
986 1608 1099 1638 Romae
1144 1613 1350 1647 pervagatam

766 1652 876 1685 fuisse.

815 1711 833 1731 α
846 1712 874 1732 1.
890 1701 1059 1731 Hunccine
1074 1700 1176 1731 solem
1201 1699 1282 1731 Τὰιη
1299 1700 1349 1730 ni-

764 1758 860 1791 grum
894 1746 1054 1779 surre‘oee?
1089 1746 1204 1778 fierine
1241 1748 1351 1789 potuit

768 1802 805 1826 ut
828 1795 895 1826 dies
915 1795 995 1826 adeo
1017 1794 1156 1826 infausta
1176 1794 1258 1825 mihi
1278 1805 1349 1825 sur-

765 1843 908 1873 rexerit?
944 1841 1105 1880 Surrffxe,
1138 1853 1195 1884 per
1228 1852 1348 1884 synco-

764 1901 829 1932 pen
850 1901 930 1932 pro,
953 1889 1149 1921 Surrexisse.
1162 1907 1210 1914 —-
1231 1892 1283 1919 Ae
1297 1900 1349 1920 me

766 1937 829 1967 Sub
843 1937 946 1968 cultro
960 1937 1077 1979 linquit
1087 1948 1098 1968 .·
1109 1937 1274 1968 victimam
1296 1937 1348 1967 in-

764 1984 939 2015 tolerandae
969 1985 1150 2028 garrulitati
1179 1983 1346 2022 devotam,

764 2038 796 2062 et
822 2032 868 2063 sic
890 2031 992 2063 fatum
1010 2030 1028 2062 a
1053 2030 1165 2063 divina
1185 2042 1250 2062 anu
1266 2042 1348 2073 prae-

763 2078 888 2110 dictum
905 2090 944 2110 eo
960 2081 1031 2122 ipso
1049 2078 1101 2119 die
1121 2079 1313 2110 subituram.

811 2137 866 2158 22.
879 2126 969 2158 Licet
979 2126 1141 2158 antestari
1150 2130 1166 2157 Ρ
1184 2133 1232 2157 est
1245 2135 1346 2156 unum

765 2174 905 2216 aliquem
927 2185 970 2205 ex
988 2175 1028 2205 iis
1047 2175 1104 2216 qui
1125 2174 1208 2204 forte
1230 2173 1348 2203 adsunt

766 2227 878 2252 testem
907 2232 1054 2260 sumere3
1080 2221 1187 2263 quasi,
1212 2227 1350 2250 antetes-

767 2268 843 2307 tari,
861 2268 896 2300 id
910 2276 973 2309 est,
990 2275 1102 2301 testem
1117 2267 1280 2310 appellare
1293 2277 1349 2298 co·
