1422 2528
153 117 217 146 ²7²

919 65 928 86 t

532 112 573 151 Q.
597 108 782 141 nonu-11
805 106 956 140 micet

150 165 239 205 Post
256 167 417 206 mediam
437 178 586 207 noctem
602 169 726 218 visus,
745 172 832 208 cum
857 169 1004 207 somnia
1021 180 1115 208 vera
1131 169 1160 195 ¹⁵
1176 185 1185 205 :

152 242 167 259 α
180 228 225 263 In
243 228 388 276 sylvam
405 242 451 265 ne
471 230 571 279 ligna
592 230 691 268 feras
706 229 732 253 ²⁶
750 229 938 276 insanius,
957 242 1001 266 ac
1022 229 1053 266 si

150 287 308 335 Magnas
327 291 551 326 Graecorum
571 290 679 327 malis
697 290 855 340 implere
873 298 1056 327 catervas.
1069 305 1085 323 »
1307 297 1339 322 ³⁵

149 347 339 396 Turgidus
358 349 518 398 Alpinus
530 349 678 399 jugulat
697 349 787 388 dum
803 353 1008 388 Memnona
1028 356 1076 397 ¹⁷,
1094 348 1261 399 dumque

149 483 189 512 tis
202 483 328 522 existit,
348 483 426 515 tunc
443 485 545 523 illam,
562 485 718 527 quantum

148 527 219 558 steri
240 536 363 570 potest,
387 531 403 561 ὲ
425 532 572 572 sepulcro
586 555 595 570 ‚
615 540 652 563 ut
673 532 718 563 ita

148 574 263 613 dicam,
278 587 389 607 eruere
406 579 562 608 universae
574 579 717 609 omnium

147 624 291 663 gentium
314 624 460 654 utilitatis
484 631 546 663 est,
568 636 645 666 quas
667 636 719 656 ve-

147 668 208 698 luti
221 671 384 700 communi
401 670 531 701 vinculo
554 671 672 702 adunat
687 679 719 703 et

148 717 304 757 astringit.
329 716 380 747 Sic
396 727 466 758 pars
489 716 527 747 fit
545 719 718 749 necessaria

147 762 284 801 publicae
307 762 524 801 educationis;
548 763 635 805 atqui
650 775 717 796 non

147 807 240 838 aliter
264 809 401 850 perfecte
433 809 593 848 ediscitur,
620 810 717 852 quam

146 853 173 883 si
199 853 215 884 a
239 855 350 895 primis
369 855 550 886 studiorum
569 859 719 898 tempori-

147 899 208 930 bus
229 900 445 932 adolescentes
462 902 546 932 illam
566 910 717 934 tractave-

146 947 227 984 rint,
242 953 274 976 et
289 949 325 977 in
348 948 508 978 imitandis
523 948 639 979 divinis
653 950 716 980 illis

146 993 273 1034 pulchri
304 1000 335 1023 et
370 995 451 1025 recti
481 996 717 1036 exemplaribus

147 1048 214 1069 sese
229 1038 412 1080 frequenter
425 1043 638 1073 exercuerint.

193 1085 279 1116 Hinc
298 1088 403 1117 evenit
418 1094 470 1125 ut,
488 1087 589 1118 adulti
608 1087 673 1127 jam
687 1095 718 1119 et

147 1133 279 1175 maturi,
304 1133 389 1163 illam
412 1134 563 1174 operibns
583 1135 649 1164 sive
667 1135 718 1173 ju-

148 1178 279 1217 cundis,
305 1179 371 1210 sive
403 1180 539 1210 utilibus
575 1181 716 1221 apprime

147 1224 304 1266 applicare
325 1227 492 1263 noverint,
514 1233 612 1267 utque
627 1227 716 1258 nulla

147 1272 188 1301 sit
211 1271 307 1302 hodie
334 1273 370 1302 in
395 1270 523 1312 Europa
545 1284 621 1314 gens
644 1283 716 1313 quae

147 1318 297 1358 poeticis,
321 1318 567 1359 philosophicis,
591 1319 717 1350 histori-

149 1365 259 1404 cisque
287 1365 378 1394 libris
405 1364 503 1395 latine
532 1366 658 1406 seriptis
685 1373 717 1396 et

148 1409 277 1450 quidem
307 1410 536 1452 elegantissime
565 1422 632 1442 non
653 1412 719 1453 glo-

148 1457 263 1495 rietur;
274 1464 306 1487 et
321 1468 361 1487 ne
377 1458 510 1498 patriam
531 1458 658 1488 laudem
671 1459 718 1489 in-

149 1502 273 1534 vidioso
298 1504 426 1534 silentio
453 1503 645 1540 obruamus,
678 1505 718 1534 li-

150 1555 217 1579 ceat
237 1549 364 1587 saltem,
392 1551 427 1580 in
451 1551 609 1590 propositi
631 1561 720 1592 argu-

150 1602 294 1626 mentum
306 1618 314 1634 ,
332 1597 428 1626 citare
438 1596 622 1634 Thuanum,
638 1598 720 1629 Hos—

150 1642 308 1683 pstalium,
322 1643 550 1680 Comminium,
566 1645 700 1674 Ruaeum
709 1666 718 1681 ‚

151 1688 348 1726 Santolium‚
378 1689 587 1726 Vanierium‚
624 1690 720 1720 Caro-

154 1735 222 1765 lum
245 1736 291 1765 Le
309 1736 417 1773 Beau,
437 1735 525 1765 hune
541 1736 646 1775 ipsum
661 1738 721 1767 Ju-

151 1781 300 1811 vencium
316 1792 412 1822 quem
423 1782 517 1812 toties
530 1782 721 1812 tutissimum

151 1826 270 1858 laboris
279 1829 381 1858 nostri
395 1828 544 1858 comitem
559 1829 652 1859 nohis
669 1828 722 1858 ad-

150 1874 335 1912 junximus,
355 1881 466 1915 totque
485 1874 563 1904 alios
584 1885 721 1915 quornm

154 1929 250 1961 opera
275 1920 461 1961 reipublicae
488 1921 648 1952 litterariae
671 1928 722 1952 to·

154 1972 223 1996 tum
236 1965 348 1996 orbem
361 1967 585 2008 complectenti
600 1968 722 2008 perdita

154 2012 189 2042 in
216 2013 387 2043 maximam
419 2020 542 2053 partem
571 2014 719 2052 fuissent,

153 2059 182 2088 ei
200 2058 370 2089 vernacula
387 2058 496 2100 linguai
517 2059 651 2091 fuissent
669 2072 722 2091 ex-

155 2110 251 2136 arata.

208 2151 260 2182 15.
283 2151 359 2182 Ciam
376 2151 502 2183 εοιηιιῐα
521 2163 604 2183 vera
623 2163 634 2183 .·
653 2153 724 2184 Phi-

156 2196 321 2238 lostratus,
343 2197 401 2230 lib.
434 2199 481 2239 11,
515 2200 558 2232 ait
588 2200 726 2231 somnio-

771 497 844 518 rum
864 488 1054 529 interpretes
1074 487 1121 518 nil
1138 486 1224 517 alind
1240 486 1338 528 expli-

771 544 840 564 care
858 533 955 574 qnam
977 534 1064 575 quod
1086 533 1178 564 mane
1202 533 1334 570 incidit,

772 581 877 610 animo
901 579 965 619 jam
994 583 1066 621 post
1091 579 1157 610 cibi
1180 577 1338 620 potusque

771 627 948 657 coctionem
986 626 1150 657 defaecato.
1181 627 1268 656 Hero
1297 625 1337 655 ad

771 672 968 711 Iaeandrnm,
983 671 1070 714 apud
1083 671 1178 704 Ovid.
1197 682 1229 702 v.
1252 672 1334 712 195:

770 719 908 760 Jizmque
933 719 989 749 sub
1007 716 1143 754 αιινυνᾶ,
1169 717 1237 757 stim
1264 717 1335 748 dor·-

771 765 908 795 micante
934 761 1083 802 lucerna,
1113 763 1245 794 Somnia
1273 774 1336 805 quo

763 804 858 842 {terni
885 819 1023 852 tempore
1046 821 1130 841 vera
1151 810 1265 841 solent.
1287 810 1336 841 Ita

768 858 993 895 Tertullianus,
1002 858 1042 888 de
1048 854 1180 893 Αηίιηᾶ,
1191 867 1218 888 c.
1226 857 1339 887 xxn:

771 901 919 935 Certiora
939 912 970 934 et
991 903 1160 934 collatiora
1174 903 1226 945 (h.
1245 913 1271 933 e.
1287 913 1337 932 res
1351 935 1355 939 .

768 949 852 981 inter
863 961 895 981 se
908 949 1022 980 melius
1035 950 1228 980 cohaerentes
1237 949 1250 989 )
1259 958 1336 978 som-

770 996 853 1026 nian‘
888 996 1056 1040 affirmant
1089 996 1145 1026 sub
1185 994 1336 1026 extremis

771 1042 931 1080 noctibus,
957 1042 1050 1084 quasi
1061 1041 1133 1084 jizm
1155 1047 1338 1084 emeoeente

770 1089 952 1119 animarum
965 1089 1091 1131 vigore.
1101 1090 1143 1131 Et
1149 1087 1339 1119 Theou-itus

770 1137 906 1176 Europae
931 1137 1090 1166 somnium
1117 1132 1209 1164 tertia
1235 1134 1340 1164 noctis

772 1181 875 1223 vigilia
890 1183 1064 1212 immissum
1077 1180 1173 1210 fuisse
1185 1180 1280 1210 canit.

820 1228 871 1258 16.
887 1230 927 1258 In
939 1227 1059 1267 sylvam
1073 1237 1112 1256 ne
1124 1226 1213 1268 ligna
1215 1225 1315 1267 feras
1327 1237 1338 1255 :

769 1273 866 1304 verba
879 1274 1010 1305 Romuli
1027 1274 1194 1304 Horatium
1209 1270 1227 1302 ὲ
1237 1271 1339 1313 graece

768 1320 939 1350 scribendo
966 1319 1174 1350 dehortantis,
1205 1319 1338 1348 Prover-

768 1366 858 1396 bium
871 1373 916 1396 est
929 1365 1080 1396 adversus
1092 1375 1148 1396 eos
1166 1365 1222 1406 qui
1240 1375 1290 1395 res
1309 1372 1341 1395 et

770 1423 890 1442 merces
898 1414 931 1442 in
938 1412 1046 1442 locum
1053 1411 1166 1442 iisdem
1174 1411 1281 1450 rebus,
1291 1412 1341 1441 iis-

771 1458 841 1488 dem
852 1459 1012 1489 mercibus
1021 1457 1234 1488 abundantem
1244 1463 1341 1487 trans·

771 1505 879 1534 ferunt
892 1516 901 1542 ;
916 1505 1025 1547 gallice
1043 1503 1156 1535 eodem
1175 1513 1270 1534 sensu
1291 1503 1338 1534 di-

773 1553 874 1581 cimus
897 1562 908 1581 :
935 1553 1050 1581 Porter
1073 1551 1114 1581 de
1145 1550 1232 1580 l'eau
1259 1549 1281 1580 ὰ
1306 1550 1340 1580 Ia

768 1596 925 1638 fontaine.
941 1615 987 1621 -
1003 1596 1154 1627 Insanias
1168 1607 1209 1626 ac
1227 1594 1256 1626 si
1268 1597 1341 1626 Ma-

770 1654 856 1686 gnas
884 1644 1065 1674 Graecorum
1091 1641 1186 1674 malis
1209 1642 1341 1683 implere

773 1697 915 1720 catervas
949 1701 960 1720 .·
995 1689 1132 1721 subaud.
1158 1695 1338 1730 poetarum.

773 1737 898 1766 Horatii
919 1737 1004 1767 enlm
1022 1735 1236 1777 temporibus,
1262 1745 1340 1776 pau-

775 1784 891 1812 cissimi
907 1782 1158 1812 numerabantur
1175 1787 1278 1823 poetae
1295 1781 1340 1811 la-

775 1829 834 1859 tini
851 1839 925 1858 cum
951 1830 1055 1870 poetis
1083 1829 1191 1870 graecis
1220 1827 1338 1858 collati.

774 1876 876 1915 Atqui
894 1876 1041 1905 insanum
1063 1881 1130 1904 erat
1146 1884 1214 1904 sese
1231 1873 1340 1904 alienae

775 1921 975 1951 multitudini
1021 1921 1212 1960 adsciscere,
1261 1917 1339 1949 diam

775 1967 879 1997 multo
906 1967 1072 2008 pulchrius
1094 1964 1190 1997 simul
1209 1971 1242 1995 et
1267 1965 1341 1995 faci-

774 2014 837 2044 lius
846 2020 912 2043 erat
922 2013 1005 2044 inter
1017 2019 1124 2054 poetas
1137 2012 1256 2054 patrios
1268 2013 1341 2042 emi-

773 2064 861 2090 here.

827 2116 880 2145 17.
899 2105 1056 2148 Turgz'dus
1091 2102 1228 2146 Alpinus
1250 2103 1342 2146 jugu-

778 2153 826 2184 lac
847 2152 922 2183 ditm
948 2153 1123 2182 Memnona
1139 2160 1153 2180 ·.·
1182 2156 1219 2180 ut
1246 2160 1282 2180 ea
1311 2156 1343 2181 et

778 2209 850 2242 quae
869 2204 1049 2240 sequuntur
1066 2207 1139 2228 cum
1164 2196 1344 2239 praeceden-
