1404 2522
686 148 796 212 xviij
1307 211 1326 218 „

150 232 254 274 illud
270 231 459 274 divinum
477 231 723 289 psalterium
743 232 787 273 in
812 243 973 290 partem
987 231 1172 290 aliquam
1186 231 1337 275 Flacco

152 315 231 341 suo
267 310 310 341 et
343 313 476 356 graeco
506 297 710 352 Pindaro,
744 299 840 341 cum
872 298 988 341 nunc
1022 299 1163 340 iambo
1187 298 1335 351 currit,

152 364 266 406 nunc
311 365 482 406 Alcaico
519 375 740 421 personat,
787 364 901 406 nunc
945 365 1148 422 sapphico
1183 375 1338 418 tumet,

153 427 268 469 nunc
299 428 512 486 semipede
539 429 786 486 ingreditur,
815 445 1072 486 comparare.
1103 429 1187 471 Sed
1217 429 1338 483 satis,

154 495 253 534 satis
282 493 363 550 ipsi
386 494 522 535 laudis
549 494 1012 551 commendationisque
1033 493 1272 547 accesserit,
1304 493 1338 534 si

154 559 266 600 inter
294 559 496 615 profanos
521 570 667 616 poetas
691 561 847 617 primas
873 571 1038 613 teneat,
1064 559 1161 601 cum
1187 560 1272 601 vim
1299 570 1340 602 et

155 623 431 665 elevationem
459 624 654 677 Pindari,
685 626 860 682 gratiam
887 636 929 666 et
955 625 1200 682 elegantiam
1219 626 1339 666 Ana-

153 691 356 741 creontis,
393 701 435 731 et
468 690 712 746 quorumvis
743 690 1102 748 philosophorum
1133 700 1340 748 praecepta

153 750 596 812 facile’adimpleverit.

210 821 269 862 Ut
283 820 505 862 vaferrime
533 822 722 863 simulac
744 822 999 880 lepidissime
1026 821 1199 878 castigat
1218 821 1340 874 vitia,

154 884 359 928 desumtis
379 889 401 928 e
427 886 565 928 media
581 887 804 929 hominum
822 889 906 929 vita
925 887 1124 944 exemplis
1151 897 1192 928 et
1209 886 1339 928 ratio-

154 952 303 994 nibus!
326 952 513 994 Virtutes
538 954 679 994 autem
699 956 826 1010 quam
855 954 944 995 sine
967 953 1079 994 fastu
1100 967 1148 994 ac
1172 951 1341 994 fastidio

154 1016 297 1059 docet!
314 1016 421 1059 adeo
438 1028 487 1058 ut
500 1017 592 1074 plus
613 1018 760 1059 animis
774 1019 1003 1076 legentium
1018 1018 1196 1074 irrepat,
1214 1018 1341 1073 quam

154 1082 189 1123 si
221 1084 366 1140 aperta
402 1082 544 1124 fronte
574 1097 645 1124 eos
680 1083 907 1125 invaderet.
944 1083 1137 1124 Felicitas
1167 1096 1342 1138 quoque

153 1149 242 1200 ejus
266 1149 325 1190 sic
348 1149 513 1190 curiosa
532 1159 611 1202 est,
631 1159 680 1190 ut
705 1164 783 1191 nec
804 1151 847 1190 in
875 1149 1101 1190 oratoriam
1127 1147 1239 1189 illam
1263 1149 1339 1189 Ju-

155 1215 312 1256 venalis
343 1215 622 1267 dicacitatem,
652 1230 730 1256 nec
754 1216 797 1256 in
819 1216 950 1256 Persii
968 1215 1193 1256 obscuram
1216 1214 1340 1256 nimis

154 1280 451 1336 astrictamque
469 1280 716 1321 brevitatem
735 1281 952 1338 impingat.

213 1346 258 1387 si
286 1346 379 1402 quis
401 1346 503 1402 ergo
525 1346 729 1402 profanus
746 1347 926 1402 scriptor
946 1344 1146 1401 singulari
1161 1343 1342 1400 quadam

154 1412 311 1468 ingenii
334 1412 398 1464 vi,
432 1411 466 1451 si
491 1411 585 1466 quis
608 1411 754 1462 judicii
781 1411 1003 1467 gravitate,
1032 1411 1067 1451 si
1101 1410 1195 1466 quis
1231 1410 1340 1466 stylo

153 1477 347 1519 acuendo
382 1487 424 1517 et
459 1476 562 1518 vivis
600 1491 741 1518 rerum
776 1477 906 1533 signis
937 1476 1078 1516 animo
1110 1475 1341 1517 formandis

153 1542 316 1584 laudari
332 1541 475 1594 debet,
499 1541 674 1582 Flaccus
688 1542 891 1598 primum,
909 1541 1083 1582 Flaccus
1098 1540 1186 1582 fere
1205 1541 1342 1583 solum

155 1623 206 1650 ex
224 1608 422 1649 omnibus
440 1607 604 1659 locum,
621 1621 696 1663 per
715 1616 829 1646 tanta
847 1617 1088 1663 temporum
1102 1606 1234 1662 spatia
1253 1621 1339 1647 non

154 1675 312 1716 temere
328 1673 563 1725 incolumis,
579 1672 674 1723 jure
693 1686 772 1712 suo
789 1670 928 1711 adhuc
947 1669 1191 1727 postulabit.

214 1737 298 1781 Sed
312 1741 378 1780 uti
389 1737 494 1778 nihil
515 1747 577 1778 est
596 1737 648 1777 ab
674 1737 790 1777 omni
807 1746 925 1793 parte
949 1737 1141 1788 beatum,
1170 1745 1211 1776 et
1230 1735 1340 1776 vitiis

155 1819 330 1861 quoque
360 1804 445 1845 suis
477 1817 520 1843 se
545 1812 692 1842 natum
720 1802 1018 1857 insuetumque
1045 1801 1256 1857 agnoscit,
1284 1801 1342 1841 ita

155 1879 204 1910 ut
233 1880 276 1910 et
307 1879 372 1909 tot
402 1869 491 1920 ejus
522 1867 656 1919 bona,
686 1866 794 1907 vitiis
824 1866 949 1923 longe
977 1866 1120 1923 plura,
1145 1865 1341 1922 praeferre

154 1934 310 1986 velitis,
338 1933 454 1976 haud
482 1932 722 1984 difficulter,
745 1947 890 1989 spero,
912 1932 1075 1973 veniam
1101 1931 1342 1988 impetrabit

154 2001 206 2041 ab
222 2001 293 2054 iis,
315 2001 388 2056 qui
407 2010 538 2041 semet
554 2009 767 2051 excutere,
786 2009 827 2039 et
845 1997 943 2039 vitia
965 1997 1163 2054 castigato
1178 1998 1343 2054 pectori

154 2080 243 2106 non
269 2063 500 2117 adhaerere,
520 2063 771 2105 didicerunt.
795 2065 901 2104 Date
914 2061 1071 2119 aliquid
1090 2061 1219 2102 seculi
1231 2061 1340 2103 illius

153 2129 426 2186 corruptelae,
459 2128 698 2178 condonate
728 2138 852 2168 tantae
875 2127 1059 2184 caligini,
1086 2127 1168 2183 qua
1196 2136 1340 2183 gentes

152 2195 244 2238 tum
270 2196 473 2238 immersae
489 2195 705 2247 jacebant3
733 2193 850 2237 unde
879 2194 920 2235 in
952 2193 1079 2234 rebus
1098 2207 1185 2234 non
1205 2191 1339 2234 dicam
