1422 2528
534 123 614 154 LIB.
639 123 656 153 1
680 122 844 155 SATIRA
861 124 920 154 111.

1283 132 1349 164 ¹99

135 197 152 213 κ
164 179 328 218 Nullane
344 178 466 218 habes
479 180 610 219 vitia?»
622 180 706 219 Imo
717 182 804 230 alia,
818 180 1097 220 haud'fortasse
1107 180 1260 219 minora
1279 181 1306 217 ⁵.
1319 198 1351 215 ιο

134 241 300 279 Maenius
316 240 513 280 absentem
528 243 699 280 Novium
717 245 806 281 cum
819 251 998 295 carperet
1014 258 1022 280 :
1042 259 1057 277 «
1074 245 1180 281 Heus
1197 251 1258 290 tu,
1274 259 1290 276 n

137 301 307 349 Quidam
324 302 398 350 ait,
421 303 604 354 «ignoras
622 306 683 341 te?
703 317 751 341 an
768 313 811 342 ut
827 305 1003 354 ignotum
1020 304 1113 341 dare
1125 303 1239 342 nobis

137 379 154 398 n
166 361 298 400 Verba
316 366 458 415 putas?
470 381 486 398 »²
503 381 519 397 «
530 366 692 414 Egomet
711 363 766 402 mi
783 365 963 415 ignosco,
976 381 992 398 »
1009 365 1173 402 Maenius
1187 364 1326 415 inquit.

140 424 290 461 Stultus
311 431 350 461 et
364 423 566 474 improbus
586 423 650 462 hic
669 438 779 462 amor
799 434 873 472 est,
895 425 1111 476 dignusque
1130 425 1273 464 notari.

139 485 236 522 cum
259 491 324 522 tua
338 484 542 535 pervideas
561 485 683 523 oculis
702 486 802 523 mala
822 487 950 538 lippus
965 486 1151 535 inunctis,
1322 493 1355 519 2⁵

140 545 219 582 Cur
234 543 274 581 in
290 545 503 583 amicorum
522 546 627 584 vitiis
645 548 723 584 tam
742 546 868 584 cernis
890 557 1046 585 acutum
1060 576 1072 594 ,

140 607 267 653 Quam
286 614 353 644 aut
370 607 515 657 aquila,
534 617 600 645 aut
616 620 774 658 serpens
792 608 1051 659 Epidaurius?
1066 610 1118 646 At
1131 606 1202 646 tibi
1219 608 1355 646 contra

139 667 300 716 Evenit,
319 667 517 719 inquirant
533 669 628 706 vitia
645 679 687 707 ut
708 678 774 707 tua
794 672 928 707 rursus
949 679 987 707 et
1004 670 1071 707 illi.

193 728 424 770 Iracundior
441 738 498 768 est
516 729 637 781 paulo
656 730 697 769 ⁶?
717 731 842 770 minus
863 739 978 783 aptus
996 732 1116 771 acutis

191 926 223 959 5.
254 927 327 959 Ιηιὸ
347 927 438 966 alia,
464 927 557 959 Ῐιαίιιί
574 928 723 970 fortasse

143 973 275 1006 minora
299 986 311 1005 .·
338 975 512 1017 respondet
538 977 724 1006 Horatius:

142 1023 269 1060 Fateor,
281 1022 385 1053 habeo
400 1034 471 1054 mea
488 1033 620 1064 quoque
631 1024 720 1061 vitia,

95 1066 98 1068 ⁷
145 1074 178 1099 et
222 1069 355 1100 fortasse
402 1071 524 1109 majora
573 1070 721 1112 Tigellii,

140 1126 241 1157 quem
265 1127 385 1158 carpo,
408 1118 496 1148 vitiis
521 1127 530 1149 :
557 1127 664 1157 neque
688 1117 723 1147 id

140 1162 225 1194 facio
251 1163 344 1205 quod
373 1165 530 1202 Maenius3
561 1164 620 1204 qui
647 1162 723 1194 cum

141 1209 308 1241 absentem
333 1212 479 1243 Novium
508 1212 723 1252 vituperaret,

141 1257 329 1299 diceretque
341 1259 391 1289 illi
409 1268 577 1289 nonnemo
597 1258 653 1298 qui
672 1258 724 1288 ad-

141 1312 220 1343 erat,
233 1306 324 1336 Heus
340 1312 375 1336 tu
386 1328 395 1344 ,
409 1316 451 1336 an
466 1312 498 1336 te
511 1306 661 1346 ignoras,
682 1316 723 1335 au

140 1352 203 1384 tibi
222 1353 292 1394 ipse
315 1354 450 1395 ignotus
473 1352 528 1383 es?
552 1363 592 1382 an
616 1363 723 1394 speras

139 1409 203 1431 nos
220 1399 330 1431 fallere
356 1407 389 1431 et
411 1399 534 1430 latere?
556 1399 659 1440 probe
691 1406 723 1430 te

142 1448 294 1481 novimus
311 1454 344 1478 et
359 1448 432 1489 ipso
450 1446 559 1479 Novio
574 1447 723 1487 pejorem

141 1505 210 1526 esse
227 1495 348 1526 scimus
370 1503 378 1525 :
395 1491 537 1525 Maenius
555 1493 725 1535 respondit

142 1552 176 1573 se
193 1542 325 1584 quidem
345 1542 424 1572 alios
438 1551 568 1582 carpere
583 1540 723 1572 libenter

144 1600 181 1620 ac
201 1589 388 1627 liberaliter,
410 1595 442 1619 at
457 1588 520 1619 sibi
537 1589 721 1630 ignoscere,

144 1637 186 1668 de
209 1638 315 1680 seipso
337 1644 459 1674 tacere,
482 1646 591 1666 secum
617 1634 724 1666 lenius

146 1695 250 1728 agere.
259 1703 307 1708 —
317 1683 381 1715 Hic
394 1694 490 1714 amor
503 1694 515 1713 :
531 1693 598 1724 quo
616 1682 723 1721 nobis,

144 1739 184 1764 ut
203 1734 364 1770 Maenius,
387 1732 496 1762 omnia
514 1731 723 1772 ignoscimus.

144 1798 191 1805 —·
197 1780 274 1811 Ciam
285 1788 342 1812 tua
345 1778 517 1821 pervideas
526 1777 625 1809 oculis
634 1777 725 1808 mala

144 1827 251 1870 lippus
261 1826 402 1859 inunctis
413 1837 424 1857 :
434 1826 488 1856 alii
499 1826 626 1867 legunt,
641 1836 726 1866 [ινιτ-

144 1875 254 1907 videas
262 1899 273 1914 ‚
294 1882 327 1907 et
338 1876 609 1916 interpretantur,
623 1873 724 1915 negli-

143 1924 257 1966 genter
282 1930 315 1954 et
344 1921 452 1954 obiter
478 1921 630 1962 aspicere.
649 1922 726 1953 Non

140 1971 372 2003 male.·Sensus
387 1976 434 2000 est
451 1978 459 2000 ι
477 1967 553 1999 cum
573 1974 628 1998 tua
648 1969 726 1998 vitia

144 2018 258 2050 oculos
287 2025 378 2055 tuos,
402 2015 506 2047 veluti
529 2015 637 2056 aliquo
665 2026 725 2045 un·

145 2072 268 2108 guento
299 2064 478 2101 delibutos,
511 2073 578 2104 quo
610 2073 725 2094 eorum

146 2114 229 2145 acies
269 2111 463 2149 ohlimatur,
501 2109 637 2152 fugiant.
678 2128 725 2134 -—

145 2159 271 2202 Aquila
280 2171 293 2190 :
307 2170 407 2191 nemo
422 2158 525 2189 nescit
537 2164 601 2187 tam
618 2167 724 2188 acrem

145 2217 213 2238 esse
251 2207 366 2249 aquilis
404 2205 575 2238 oculorum
604 2206 702 2235 aciem
713 2228 722 2244 ,

146 2259 186 2286 ut
204 2253 444 2287 ardentissimos
459 2253 538 2285 solis
555 2251 663 2284 radios
682 2251 725 2287 fa-

777 928 837 959 cile
852 929 1044 960 sustineant.
1057 945 1104 952 —
1128 928 1267 970 Serpens
1280 926 1359 969 Epi·

776 975 935 1006 daut-ium
943 986 1033 1006 sacer
1043 975 1246 1017 AEsculapio,
1259 974 1359 1006 medi-

778 1033 891 1053 comm
921 1023 982 1053 deo
1012 1023 1162 1064 praesidi,
1194 1024 1253 1064 qui
1282 1022 1358 1063 Epi-

777 1069 872 1099 dauri
899 1068 969 1111 (est
994 1070 1072 1100 urbs
1089 1071 1252 1101 Graeciae'
1242 1081 1279 1100 m
1301 1070 1359 1100 Pe-

776 1117 982 1158 loponneso)
1018 1117 1183 1159 praecipue
1226 1117 1357 1153 colitur;

775 1163 900 1193 idcirco
937 1164 1045 1195 autem
1086 1175 1218 1205 serpens
1248 1166 1360 1195 AEscu-

774 1210 863 1252 lapio
892 1221 991 1247 sacer,
1014 1212 1091 1254 quib
1120 1212 1162 1242 ad
1183 1211 1285 1242 multa
1312 1222 1358 1243 re-

777 1257 881 1288 media
909 1259 998 1289 utilis
1028 1267 1087 1291 est.
1114 1259 1209 1290 Adde
1232 1271 1274 1290 ex
1297 1260 1362 1292 his·

777 1304 860 1335 toria
880 1306 1033 1345 romana,
1061 1307 1151 1349 quod
1170 1305 1245 1337 cum
1265 1309 1360 1348 pesti-

776 1351 877 1382 lentia
885 1355 997 1384 Romae
1005 1354 1219 1393 laboraretur,
1230 1365 1361 1397 respon-

777 1410 851 1429 sum
866 1406 914 1429 est
929 1400 969 1430 ab
983 1402 1127 1439 oraculo,
1139 1402 1183 1432 ita
1197 1402 1303 1434 salvos
1316 1403 1359 1433 ci-

778 1456 832 1476 ves
843 1446 923 1485 fore,
939 1449 965 1478 si
975 1447 992 1478 e
1003 1448 1128 1479 Graeciaei
1138 1449 1360 1492 AEscnlapium

778 1492 984 1526 adveherent.
1021 1497 1132 1538 Legati
1159 1496 1362 1537 Epidaurum

778 1551 854 1571 cum
871 1542 1001 1572 trireme
1023 1550 1101 1587 sunt
1117 1543 1276 1585 profecti3
1299 1544 1361 1576 fae-

778 1594 913 1629 tumque
932 1596 980 1620 est
1001 1597 1039 1620 ut
1054 1591 1168 1633 ingens
1185 1593 1298 1636 anguis
1320 1592 1361 1623 ad

778 1635 943 1666 triremem
969 1636 1155 1678 adnaverit,
1191 1650 1291 1682 seque
1323 1640 1359 1671 in

778 1683 882 1724 puppi
908 1687 1128 1738 composuerit
1148 1688 1183 1717 in
1207 1698 1326 1730 gyrum
1348 1697 1357 1718 ε

779 1740 877 1770 quem
894 1731 944 1762 illi
964 1743 1038 1762 cum
1058 1734 1277 1776 AEsculapinm
1300 1746 1360 1777 pu-

779 1783 884 1808 tarent
907 1789 986 1818 esse,
1001 1781 1159 1811 Romam'
1148 1792 1185 1811 m
1194 1782 1361 1831 triumpho

779 1824 956 1858 duxerunt.
977 1844 1026 1850 —-
1046 1828 1092 1858 Ec
1105 1827 1157 1859 illa
1174 1839 1186 1859 .-
1211 1822 1361 1860 homines

779 1882 862 1913 quos
893 1875 997 1916 carpis
1026 1881 1080 1905 tua
1106 1876 1249 1907 vioissim
1281 1877 1359 1907 vitia

779 1920 906 1951 curiose
923 1923 1129 1964 investigant.

828 1968 861 1999 6.
899 1969 1098 1999 Iracundior
1126 1978 1176 2002 est
1205 1971 1313 2012 paulo
1348 1983 1360 2001 .-

779 2016 933 2057 suspicati
948 2023 1026 2047 sunt
1049 2018 1145 2048 multi
1166 2019 1361 2061 interpretes

778 2061 832 2092 hic
867 2062 907 2093 ab
933 2065 1070 2095 Horatio
1091 2065 1242 2108 Virgilii,
1265 2067 1362 2096 amici

779 2111 839 2148 sui,
850 2111 1022 2153 imaginem
1032 2111 1199 2152 delineari,
1211 2123 1284 2154 quae
1291 2113 1362 2155 qui·

779 2156 852 2187 dem
877 2158 1022 2200 apprime
1041 2161 1194 2202 congruit
1217 2171 1293 2190 cum
1320 2160 1360 2190 iis

779 2215 853 2246 quae
888 2204 928 2236 de
961 2205 1075 2237 eodem
1109 2206 1280 2248 descripsit
1313 2207 1361 2248 ip-

778 2252 844 2283 sius
882 2253 958 2284 vitae
987 2260 1114 2286 auctor.
1156 2255 1250 2286 Hanc
1285 2254 1359 2296 opi-
