1422 2528
153 146 217 176 260

531 148 572 188 Q.
596 147 780 178 nonATn
804 146 954 179 FLAcffl

155 202 348 239 Praeterita
361 231 371 250 ,
389 210 427 240 et
446 215 534 240 casu
557 205 646 240 tunc
667 203 899 253 respondere
915 202 1054 240 vadato

151 260 349 309 Debebat‚
368 262 471 311 quod
490 263 531 299 ni
552 262 717 310 fecisset,
732 263 892 312 perdere
906 262 1023 301 litem.
1039 281 1091 292 --

152 320 191 357 Si
212 333 271 357 me
290 333 391 358 amas
408 328 450 368 ¹²3
466 321 607 371 inquit,
623 323 776 372 paulum
792 320 856 358 hic
875 322 976 360 ades.
991 343 1044 351 —-
1060 324 1252 371 Inteream
1266 319 1298 359 ai

153 382 230 416 Aut
245 379 352 416 valeo
366 389 484 427 stare,
504 389 570 418 aut
588 382 679 419 novi
695 381 936 432 civiliajura;
1238 379 1241 382 ’

151 439 199 474 Et
212 451 378 488 propero
392 438 469 489 quo
481 439 770 478 scis.--Dubius
780 453 874 486 sum,
883 438 977 490 quid
987 438 1140 487 Faciam,
1150 438 1287 491 inquit,
1307 448 1343 477 ιο

150 499 253 534 Tene
264 498 488 549 relinquam,
497 499 543 537 an
552 513 632 538 rem
644 499 820 547 ¹³5P—Me,
831 499 1097 538 sodes.-Non
1105 498 1254 548 faciam,
1261 499 1342 545 ille3

150 557 200 595 Et
217 560 433 608 praecedere
451 561 577 611 coepit.
597 561 699 610 Ego,
715 569 758 598 ut
773 559 1001 598 contendere
1019 560 1159 598 durum

151 622 248 656 Cum
263 620 426 666 victore,
444 633 597 670 sequor.
612 642 664 648 —-
678 623 863 658 Maecenas
883 620 1077 670 quomodo
1097 630 1222 658 tecum
1237 619 1290 656 ¹4?
1319 617 1321 619 ’

151 677 249 716 Hinc
264 680 680 729 repetit.--Paucorum
690 680 905 728 hominum,
919 689 957 717 et
971 681 1109 717 mentis
1121 680 1219 718 bene
1230 690 1340 717 sanae.

151 739 331 776 —Nemo
349 739 541 778 dexterius
562 741 715 777 fortuna
730 748 787 778 est
806 753 908 778 usus.
924 740 1097 779 Haheres
1307 747 1341 778 4⁵

149 928 285 960 subaud.
314 929 436 966 oedem,
464 939 536 970 quae
562 930 663 960 stabat
682 931 718 960 in

147 977 218 1006 foro
250 986 391 1006 romano.
417 993 464 999 -—-
494 974 619 1016 Quarcd
647 975 718 1016 jizm

143 1029 239 1062 parte
256 1021 324 1052 diei
342 1019 510 1052 Praeterita
529 1032 540 1051 .·
559 1021 642 1051 circii
665 1023 720 1053 ho-

148 1078 215 1098 ram
228 1067 380 1098 decimam
394 1068 592 1099 matutinam.
603 1086 649 1091 -—
659 1069 719 1099 Ca-

147 1125 183 1144 su
201 1126 212 1144 :
238 1114 333 1144 forte.
358 1131 405 1137 —-
427 1114 629 1154 Respondere
653 1125 715 1144 va-

149 1160 227 1191 dato
242 1171 253 1190 .·
267 1160 390 1190 vadari
407 1161 558 1200 aliquem,
580 1168 626 1190 est
642 1172 715 1201 pro-

146 1207 215 1248 prie
247 1208 384 1248 aliquem
411 1212 523 1247 cogere
548 1213 584 1236 ut
612 1207 717 1237 vades

147 1252 287 1294 praebeat
320 1253 470 1295 (gallice,
508 1253 631 1283 donner
661 1253 716 1283 des

149 1299 317 1341 cautions)
353 1309 492 1339 quorum
537 1299 597 1329 sub
635 1298 712 1337 fide,

148 1356 287 1387 quorum
303 1346 447 1386 periculo
464 1345 656 1385 polliceatur
669 1357 719 1384 se,

149 1392 200 1423 die
222 1391 378 1434 praefixo,
403 1390 513 1422 coram
536 1393 721 1432 magistratu

149 1441 402 1470 constituturum
417 1449 493 1469 esse.
513 1438 609 1478 Quod
627 1439 653 1468 si
671 1438 722 1469 die

148 1485 223 1516 dato
238 1496 305 1516 non
320 1491 536 1525 compareret,
551 1484 639 1515 litem
653 1496 722 1526 per-

149 1532 259 1570 debat,
283 1532 411 1572 litisque
442 1541 568 1560 causam
595 1531 720 1561 solvere

148 1579 256 1609 vades
278 1578 480 1608 tenebantur.
502 1577 648 1607 Vadatus
661 1579 722 1619 igi-

149 1623 203 1655 tur
227 1631 274 1654 est
294 1630 382 1654 actor
407 1623 473 1653 sive
497 1624 617 1664 petitor
635 1624 670 1653 in
687 1635 720 1654 re

150 1671 256 1707 civili;
280 1677 326 1700 est
350 1676 512 1700 accusator
530 1671 563 1699 in
586 1680 620 1700 re
636 1672 720 1711 capi·

149 1717 223 1755 tali;
241 1719 300 1747 Tot
314 1716 454 1746 vadibus
468 1723 636 1746 accusator
655 1727 720 1746 va-

150 1764 244 1794 datus
260 1771 307 1793 est
315 1773 401 1792 reum
411 1785 421 1799 ,
438 1763 583 1793 Tit.-Liv.
594 1764 652 1800 111,
667 1764 718 1794 13.

202 1820 254 1841 12.
276 1809 311 1839 Si
328 1819 378 1839 me
398 1819 490 1838 amas
503 1819 515 1838 .-
533 1809 600 1838 haec
620 1819 719 1839 vocu-

149 1857 198 1895 la,
215 1867 278 1893 me,
294 1865 359 1885 non
376 1855 558 1893 eliditur,et
571 1855 613 1885 ob
627 1865 720 1885 voca-

149 1903 212 1934 lem
243 1908 424 1943 sequentem
460 1900 498 1930 fit
524 1901 642 1932 brevis.
674 1918 721 1924 -

150 1950 289 1979 Paulz'cm
310 1946 361 1977 hic
382 1947 461 1977 ades
483 1958 494 1977 .·
519 1948 615 1984 ades,
643 1958 717 1988 pro,

151 1995 248 2026 adsis.
269 1996 400 2025 Mecum
427 1994 530 2032 injus
554 1995 644 2030 veni,
666 1992 719 2024 tua

151 2041 261 2072 saltem
279 2038 447 2081 praesentia
472 2050 574 2070 meam
596 2050 721 2070 causam

152 2087 330 2127 adjuturus.
346 2103 392 2110 -·
412 2089 479 2116 Aue
492 2086 591 2116 ‘valeo
607 2094 692 2116 stare
709 2097 720 2116 .·

151 2134 277 2164 stabant
307 2133 406 2168 cives,
438 2131 605 2173 nunquam
635 2132 722 2162 sede-

152 2180 230 2211 bant
246 2177 352 2210 coram
371 2185 515 2219 praetore.
531 2178 651 2208 Pedum
667 2180 724 2220 igi-

154 2225 208 2256 ιὰι·
222 2225 407 2256 infirmitate
418 2247 427 2263 ‚
451 2224 525 2256 dein
543 2225 721 2267 ignorantia

768 930 850 970 juris
872 940 938 961 sese
965 935 1096 961 excusat
1114 932 1276 962 Horatius.
1295 948 1341 957 --

774 976 843 1018 ριιὸ
862 976 943 1006 scis:
960 977 999 1006 ad
1016 977 1126 1007 hortos
1140 978 1279 1009 Caesaris.

823 1024 874 1054 13.
909 1024 994 1052 Tene
1023 1023 1233 1064 relinquam?
1259 1022 1342 1055 nihil

771 1070 843 1098 miri
867 1069 902 1098 in
921 1068 981 1099 hac
997 1068 1136 1100 hominis
1158 1070 1261 1100 nostri
1280 1070 1341 1100 du-

770 1115 940 1152 bitatione,
964 1116 1018 1157 qui
1041 1117 1160 1147 invitus
1173 1121 1341 1157 praetorem

769 1161 890 1198 adibat,
921 1172 1079 1202 quemque
1100 1162 1180 1192 infra
1208 1163 1249 1193 ab
1280 1162 1335 1193 ad-

769 1209 908 1238 versario
923 1219 980 1238 suo
992 1219 1049 1248 per
1063 1209 1128 1238 vim
1140 1215 1340 1249 protractum

770 1254 963 1285 videbimus.
1000 1254 1104 1293 Major
1144 1254 1271 1286 aliunde
1310 1256 1340 1286 ei

772 1311 848 1330 cura
862 1301 963 1330 inerat
974 1323 981 1337 ‚
1000 1311 1073 1331 cum
1089 1301 1128 1330 ab
1145 1302 1278 1332 Horatio
1292 1301 1341 1332 of-

773 1347 848 1376 ferri
858 1348 1043 1384 Maecenati,
1058 1346 1144 1377 docti
1160 1347 1342 1386 cujuslibet,

774 1393 899 1433 qualem
912 1394 970 1422 iste
981 1404 1013 1423 se
1029 1393 1192 1433 professus
1205 1400 1270 1431 est,
1285 1405 1341 1435 pa-

774 1446 870 1469 trono
897 1445 1036 1479 cuper-et.
1054 1456 1100 1464 υ-
1121 1439 1220 1470 Sodes
1245 1451 1257 1470 .·
1277 1451 1342 1471 vox

774 1485 968 1515 blandientis
1004 1492 1035 1515 et
1066 1487 1204 1527 rogantis
1246 1486 1340 1527 quid-

774 1532 878 1572 piam,
904 1532 1078 1572 composita
1105 1532 1122 1562 ὲ
1145 1532 1174 1562 si
1190 1539 1222 1563 et
1241 1533 1342 1563 audes

774 1578 828 1618 (de
833 1575 945 1620 grdce,
955 1578 1008 1608 s’il
1014 1576 1340 1619 vousplast).—Cum

774 1624 900 1654 victore
912 1635 923 1653 .·
937 1635 1011 1654 cum
1026 1623 1155 1654 homine
1180 1624 1224 1655 ita
1239 1627 1338 1666 perti-

773 1671 857 1707 naci,
868 1677 903 1700 ut
911 1671 1012 1711 ipsius
1023 1670 1180 1701 obstinata
1193 1671 1340 1702 voluutas

773 1718 916 1758 superari
928 1717 1020 1747 nullo
1036 1717 1132 1747 modo
1146 1718 1256 1758 possit.

824 1774 837 1793 1
845 1769 875 1799 4.
894 1763 1058 1803 Quomodo
1073 1767 1194 1794 tecum?
1203 1763 1338 1795 subaud.

773 1809 857 1851 agie,
873 1809 962 1840 vivit.
977 1826 1023 1832 —-
1045 1808 1130 1839 Hinc
1143 1810 1256 1850 repetit
1268 1821 1280 1840 :
1301 1810 1341 1840 ab

772 1857 834 1886 isto
866 1855 1000 1886 exordio
1030 1866 1208 1886 sermonem
1242 1857 1339 1886 inter-

773 1902 902 1932 missum
927 1903 1069 1933 resumit.
1095 1920 1140 1925 —
1158 1904 1339 1932 Paucorum

773 1947 932 1978 hominum
954 1959 965 1977 :
988 1949 1152 1989 responsio
1174 1955 1220 1978 est
1238 1950 1339 1979 Hora-

773 1995 826 2030 tii,
861 1994 924 2034 qua
958 1994 1154 2035 imprudenti
1190 1995 1340 2035 petitioni

776 2051 869 2081 quam
896 2041 1050 2080 praevidct
1071 2040 1199 2071 obviam
1216 2042 1263 2071 ire
1285 2051 1339 2072 co-

775 2094 880 2118 natur.
896 2088 1007 2117 Paucis
1020 2085 1153 2117 confidit
1166 2088 1336 2124 Maeeenas,

774 2142 893 2173 paucos
923 2133 1088 2163 familiares
1117 2132 1263 2163 admittit.
1292 2150 1338 2157 --

775 2179 878 2209 Nemo
918 2178 1081 2210 dexteritas
1114 2177 1256 2220 Jbrtund
1294 2187 1342 2209 est

777 2235 848 2254 usus
872 2236 883 2256 :
906 2232 983 2256 sunt
1008 2226 1064 2267 qui
1085 2224 1152 2256 haec
1182 2225 1278 2256 verba
1303 2225 1342 2256 ab
