1422 2528
11 0 83 31 §ja-v!
105 0 133 18 bs
141 0 247 25 ’,ζῷημι
258 0 278 19 ¹¹¹.
287 0 318 41 ξ
359 2 363 13 ι
412 6 433 34 ἶ
471 10 484 20 1,.

452 123 532 156 Lm.
550 124 567 155 1
591 123 752 156 sA'rmA
770 122 869 164 „vm

1211 116 1278 146 255

58 181 292 220 Hori-nerim
308 192 424 220 voces
438 182 645 221 Furiarum
666 190 704 220 et
725 181 825 220 facta
844 179 1035 218 duarum?
1245 182 1278 212 43

57 243 176 289 Nam,
193 242 362 294 displosa
383 252 496 282 sonat
515 247 703 295 quantum
723 243 852 280 vesica
868 248 916 287 ¹0,
937 238 1082 292 pepedi

58 300 215 340 Diffissa
232 312 322 342 nate
341 303 454 352 ficus3
475 314 515 342 at
532 304 607 342 illae
625 317 784 342 currere
804 303 846 340 in
866 300 1021 340 urbem.

60 363 233 401 Canidiae
249 364 403 414 dentes,
423 366 542 404 altum
559 369 718 417 Saganae
733 363 973 403 caliendrum

61 422 268 472 Excidere‚
286 434 404 477 atque
417 426 579 472 herbas,
599 435 715 478 atque
732 426 925 463 incantata
945 424 1101 462 lacertis

61 483 246 532 Vincula,
265 483 354 526 cum
368 500 506 540 magno
528 489 689 541 risuque
705 488 875 540 jocoque
894 485 1058 524 videres.
1245 494 1275 519 50

47 646 146 692 ferre
168 661 288 694 morqr,
311 652 396 684 cinis
421 652 500 695 ipse.
513 670 561 678 —-
580 655 643 686 Fu·

58 696 180 729 n’eirum
216 710 228 730 :
263 699 406 732 Canidiae
439 708 471 732 et
500 703 641 743 Saganae.

111 755 163 776 10.
211 746 366 788 Displosa
403 756 503 779 sonat
534 760 640 790 quan-

60 792 127 822 tiam
142 793 258 824 vesica
281 805 293 824 :
316 794 412 825 talem
429 806 546 826 sonum
556 819 565 833 ,
580 807 640 838 ego

59 838 158 878 ficus,
178 840 245 873 hoc
278 848 326 872 est
362 840 506 873 ficulnus
535 843 636 881 deus,

58 885 158 917 fracta
183 894 216 919 et
243 886 375 919 discissa
401 891 549 930 corporis
575 892 640 922 mei

58 940 152 974 parte
193 936 371 977 posteriore
414 936 521 975 edidi,
567 949 642 980 qua-

58 980 124 1011 lem
138 982 286 1013 emittere
301 983 384 1014 solet
403 985 526 1023 vesica,
542 985 560 1016 ὲ
575 984 639 1026 qua

57 1033 175 1059 ventus
187 1029 254 1060 sive
271 1040 326 1061 aer
338 1041 558 1073 compressus,
571 1043 640 1063 non

57 1075 128 1106 sine
145 1086 263 1119 magno
277 1077 421 1120 fragore,
436 1078 638 1120 exploditur.

58 1138 106 1146 --
125 1123 276 1155 Canidiae
294 1124 428 1163 dentes,
452 1127 557 1157 altum
577 1129 639 1157 Sa-

54 1179 156 1211 ganae
179 1170 383 1203 caliendrum
413 1184 425 1203 .·
452 1173 536 1204 nihil
558 1173 638 1217 fingi

22 1249 24 1251 ,
54 1223 164 1257 potest
194 1219 381 1258 venustius,
417 1220 516 1263 quam
546 1221 639 1253 binas

55 1264 272 1297 nobilissimas
284 1265 460 1307 veneficas,
475 1268 559 1300 nihil
569 1280 638 1301 non

55 1309 97 1341 ab
112 1318 180 1343 arte
191 1311 251 1344 suti
265 1313 327 1344 sibi
338 1314 548 1355 pollicentes,
566 1327 635 1348 uno

53 1357 164 1400 Priapi
183 1360 299 1401 peditu
316 1363 485 1393 exterritas
507 1363 554 1394 sic
578 1374 634 1394 au—

53 1402 191 1446 fugisse,
216 1413 254 1438 ut
275 1406 367 1439 alteri
385 1408 515 1448 dentes,
542 1410 634 1441 alteri

53 1452 159 1483 crines
178 1454 274 1486 etiam
292 1455 492 1496 exciderint,
511 1457 633 1499 quibus

698 651 891 695 apposititiis
919 648 978 693 (ut
1012 649 1129 680 vetulae
1151 649 1281 691 solent)

696 699 886 731 utebantur.
902 698 954 730 Sic
972 697 1060 727 enim
1075 695 1277 727 caliendrum.

696 753 869 788 exponunt
907 745 1033 786 antiqui
1073 742 1278 789 interpretes.

695 797 871 827 Tounenr.
882 791 1081 824 Addendum
1099 798 1147 822 est
1161 791 1277 822 calien-

696 841 793 873 drum
825 840 981 882 appellari
1018 839 1122 869 alcum
1134 861 1143 876 ‚
1178 838 1254 880 quia
1266 862 1275 877 ,

696 886 772 919 cilm
797 898 951 919 verorum
981 886 1175 927 capillorum
1212 886 1279 916 for-

695 946 780 967 mam
797 937 990 972 imitaretur,
1009 943 1102 964 coma
1119 932 1192 971 illa,
1215 934 1277 963 mi—

694 983 782 1014 nime
810 983 917 1013 nativa
928 1005 936 1020 ‚
961 982 998 1011 in
1026 980 1162 1010 modum
1182 982 1280 1010 turri-

695 1031 795 1069 culae,
809 1028 867 1060 seu
882 1029 1002 1060 racemi
1016 1029 1052 1058 in
1073 1038 1209 1058 acumen
1224 1026 1278 1058 de-

694 1078 830 1109 sinentis
840 1100 849 1115 ,
866 1075 963 1118 supra
979 1075 1118 1106 frontem
1134 1075 1276 1105 eminere

693 1125 818 1156 debuit.
830 1142 877 1149 ——
887 1122 1031 1155 Laceru's
1042 1132 1054 1153 .·
1065 1123 1166 1164 junge
1181 1132 1256 1152 cum
1265 1145 1275 1159 ,

693 1173 845 1204 excidere
851 1183 865 1210 ‚·
885 1170 1037 1202 excidere
1052 1169 1183 1200 lacertis
1195 1170 1274 1200 vin-

692 1221 767 1252 cula
779 1220 953 1251 incantata
968 1217 1102 1260 (gallice
1111 1239 1119 1254 ‚
1134 1217 1192 1247 des
1203 1217 1274 1246 bra-

691 1268 790 1299 celets
816 1265 996 1297 enehante's
1003 1265 1027 1306 ).
1057 1264 1125 1296 Alii
1152 1264 1273 1295 intelli-

689 1322 788 1357 gunt‚
818 1315 930 1344 taenias
957 1312 1079 1354 quibus
1106 1311 1274 1342 devincire

689 1362 861 1393 hominum
871 1366 994 1391 mentes
1003 1358 1183 1395 tentabant,
1193 1357 1273 1389 dnm

688 1409 804 1440 iisdem
819 1401 976 1449 imagines
992 1406 1059 1437 suis
1077 1405 1200 1437 artibus
1215 1405 1271 1435 de·
1310 1419 1312 1421 >

687 1463 778 1488 votas
793 1454 1044 1487 circumdarent.

412 1807 930 1829 -ο--ᾥῦεδ--ῌ--ο-
