1422 2528
119 90 181 121 118

490 93 532 132 Q.
558 93 743 134 HORATH
773 94 927 126 FLACCI

325 149 390 186 Sol
406 149 541 200 aspicit
554 152 778 202 conopium!

219 208 280 246 Ad
293 208 394 246 hunc
410 210 610 248 frementes
625 212 641 241 4
655 222 851 251 verterunt
865 212 924 251 bis
938 212 1039 251 mille
1053 225 1170 264 equos

322 268 438 315 Galli,
455 278 631 308 canentes
650 273 858 320 Caesarem;

220 329 501 380 Hostiliumque
520 331 675 369 navium
693 332 734 369 in
754 342 869 382 portu
883 334 1000 372 latent

322 391 477 441 Puppes
493 392 751 432 sinistrorsnm
767 394 851 432 citae
869 393 896 432 ⁵.
1269 408 1300 424 ²⁰

111 569 146 602 ei«
173 580 270 608 voce,
289 570 420 608 servire,
443 571 540 612 quim
566 573 593 604 si
619 585 673 615 pa-

111 627 180 648 rere
191 624 246 647 aut
262 617 348 647 alind
361 617 440 658 qnid
455 619 556 648 simile
574 621 675 662 scrip-

109 665 215 702 sisset,
235 664 291 694 vix
310 670 404 694 estut
420 664 617 697 admoneam.
629 683 676 690 —-

113 711 216 750 Turpe
228 709 396 751 conopium
406 720 417 740 .·
426 711 470 741 sic
483 711 654 752 legendum
664 735 673 750 ‚

110 767 192 794 non,
207 763 245 787 ut
258 757 292 786 in
308 757 677 798 plerisque.conopeum,

111 803 202 842 cujus
226 803 401 844 penultima
425 803 562 844 syllaba,
585 805 678 835 salvis

110 850 205 879 metri
226 849 369 890 legibus,
386 850 523 890 corripi,
547 857 584 880 ut
608 861 678 880 ver-

110 905 163 925 sus
173 895 331 936 postulat,
348 896 470 936 nequit.
488 896 676 937 Conopium,

110 940 129 971 εὶ
154 939 257 983 graeca
273 951 372 978 voce,
400 939 531 983 κώνωψ,
564 943 677 981 culex,

111 987 200 1018 unde
236 986 430 1026 κωνωπεῖον,
469 989 577 1019 velum
613 996 679 1019 erat

110 1033 196 1075 apud
205 1035 371 1076 AEgyptios
380 1057 390 1074 ‚
403 1033 444 1064 ad
453 1034 607 1065 arcendos
622 1046 678 1066 cn-

110 1080 187 1111 lices
222 1080 313 1110 lectis
343 1081 499 1121 praetendi
526 1081 675 1119 solitum;

111 1127 302 1168 intelligitur
331 1125 390 1157 cnr
421 1127 504 1157 illud
536 1128 678 1169 AEgyptii

107 1171 206 1203 luxus
219 1179 252 1203 et
266 1173 412 1203 mollitiei
427 1175 678 1204 instrumentum

110 1219 150 1250 θὸ
174 1219 295 1260 cut-pius
315 1220 469 1251 Romanis
493 1219 596 1250 videri
621 1220 676 1250 de-

109 1265 235 1304 buerit,
251 1265 340 1307 quod
357 1266 441 1296 inter
459 1266 581 1308 aquilas
603 1276 677 1299 con-

108 1312 295 1353 spiceretur.

157 1365 189 1395 4.
207 1358 265 1393 Ad
284 1357 344 1388 lzoe
350 1355 537 1400 frementes
551 1370 562 1389 .·
579 1359 678 1401 vulgo

107 1405 225 1446 legitur
248 1405 296 1434 ad
319 1404 420 1442 Ιιιιησ,
435 1416 513 1446 quas
526 1416 618 1436 voces
630 1407 678 1436 in-

108 1451 275 1492 terpretari
286 1458 448 1492 coguntur
458 1451 569 1482 contrc'z
582 1451 676 1489 hunc,

108 1496 142 1528 h.
156 1508 183 1528 e.
203 1497 350 1527 adver-sits
365 1498 560 1534 Antonium
575 1498 678 1528 multo

108 1544 216 1584 potior
234 1543 313 1573 mihi
332 1542 462 1573 videtur
481 1543 628 1574 facillima
647 1550 679 1574 et

109 1589 303 1619 lucidissima
333 1590 468 1619 Bentleii
486 1589 677 1620 emendatio.

109 1635 168 1666 Ad
183 1635 242 1665 hoc
251 1634 443 1676 frementes,
464 1635 528 1665 tum
546 1636 679 1677 indigno

109 1682 293 1722 spectaculo
321 1682 492 1718 commoti,
514 1681 560 1711 bis
588 1683 677 1712 mille

112 1727 206 1758 Galli
226 1734 395 1758 verterunt
410 1738 527 1768 equos,
551 1729 585 1758 in
601 1728 676 1758 alias

109 1781 235 1814 partes,
249 1775 284 1803 in
309 1775 487 1804 exercitum
510 1774 583 1804 vere
607 1777 674 1806 Ro-

109 1829 241 1850 manum
267 1819 505 1861 transfugerunt
520 1819 533 1862 (
544 1821 655 1862 gallice
665 1843 674 1858 ‚

109 1866 295 1896 tournerent
310 1866 430 1907 bride),
450 1866 546 1907 Quod
569 1867 676 1897 autem

108 1911 222 1951 objicit
251 1911 405 1953 Scaliger,
443 1913 600 1953 equitatui
628 1913 676 1943 illi

110 1968 177 1989 non
190 1958 284 1988 fuisse
304 1958 412 1988 locum
434 1959 469 1989 in
484 1959 594 1999 praelio
610 1969 676 1989 ma·-

111 2005 219 2034 ritimo
229 2025 238 2041 ‚
253 2005 401 2045 ignarum
416 2011 472 2034 ant
483 2005 675 2043 malevolum

113 2060 277 2081 censorem
300 2052 412 2092 arguit.
435 2050 677 2091 Praetefflsses

111 2097 250 2138 Augusti
261 2103 293 2126 et
302 2097 453 2134 Antonii,
463 2102 553 2127 erant
564 2099 680 2127 utrius-

113 2153 176 2183 que
200 2144 302 2184 copiae
318 2149 480 2173 terrestres
497 2143 531 2173 in
545 2142 679 2174 adverso

111 2188 217 2221 litore.
233 2191 308 2221 Duo
319 2187 417 2230 igitur
425 2189 523 2219 millia
533 2189 679 2230 equitum

729 575 747 606 ὁ
758 573 880 606 Galatia
888 598 900 613 ,
913 586 969 606 sen
982 574 1189 617 Gallograeci&
1199 597 1208 613 ‚
1225 585 1297 616 quae

727 628 775 651 est
803 623 890 663 regio
911 623 1050 652 Minoris
1073 623 1178 659 Asiae,
1197 620 1298 652 desci-

726 675 844 698 verunt
858 668 897 698 ab
913 669 1078 705 Antonio,
1099 675 1131 698 et
1146 667 1189 698 ad
1202 668 1299 698 Caesa-

726 715 770 744 ris
799 721 898 744 castra
935 715 1193 755 transfugerunt,
1226 724 1299 754 quae

730 770 779 790 res
799 761 967 791 victoriam
990 761 1138 802 Augusto
1160 759 1297 790 maxime

730 808 866 846 peperit3
885 806 951 836 imo
974 806 1083 836 Gallos
1105 812 1199 846 atque
1226 806 1298 836 His-

732 862 833 893 panos
848 853 970 893 equites
980 874 989 890 ‚
1003 852 1080 882 belli
1093 851 1232 883 Parthici
1252 862 1297 882 re-

731 897 866 938 liquias,
894 898 1042 928 habuisse
1084 897 1162 929 tunc
1194 898 1298 929 Anto-

731 945 823 974 nium
848 945 912 974 Dio
937 951 970 974 et
1001 944 1189 975 Plutarchus
1221 954 1299 974 asse·

730 997 817 1022 runt.
833 990 1019 1023 Notandum
1040 997 1087 1021 est
1101 991 1136 1021 in
1151 1000 1189 1021 eo
1204 1000 1298 1021 voca-

730 1034 809 1067 bulo
819 1059 828 1074 ‚
839 1043 1007 1067 verterunt
1013 1059 1023 1073 ,
1039 1037 1248 1078 penultimam
1256 1036 1297 1066 ab

730 1084 864 1114 Horatio
891 1083 1021 1123 corripi,
1048 1084 1139 1122 cnjus
1161 1083 1298 1113 licentiae

730 1129 873 1170 exempla
899 1127 968 1159 tum
999 1127 1072 1159 alias
1097 1130 1133 1159 in
1161 1129 1298 1164 Nostro,

729 1173 798 1206 tum
832 1173 918 1216 apud
949 1175 1119 1217 Virgilium
1158 1175 1299 1216 reperire

729 1227 787 1253 est.

778 1267 810 1300 5.
829 1266 1062 1308 Hostiliumque
1080 1265 1208 1297 navium
1221 1277 1300 1307 por-

730 1321 762 1344 tu
792 1314 896 1345 latent
923 1317 1051 1355 Puppes
1082 1312 1297 1344 sinistrorsnm

729 1360 801 1391 citae
817 1370 829 1390 .·
854 1360 962 1390 nullus
980 1370 1030 1395 ,ex
1055 1359 1181 1390 Horatii
1200 1360 1298 1390 inter-

729 1406 873 1448 pretibus
899 1406 1009 1436 Iocum
1049 1406 1141 1436 illum
1176 1404 1298 1435 subob-

729 1463 860 1483 scurum
880 1452 992 1482 melius
1025 1451 1185 1483 elucidare
1209 1451 1297 1481 visus

730 1505 777 1529 est
803 1497 899 1540 quam
929 1497 1071 1536 Sanado,
1097 1497 1188 1537 cujus
1229 1498 1297 1537 opi-

729 1545 821 1575 nioni
839 1544 968 1574 adhaesit
979 1543 1208 1575 Mitscherlich.
1229 1543 1292 1579 Sic,

731 1592 897 1632 utriusque
954 1589 1128 1628 semermi,
1171 1589 1295 1631 phrasis

730 1636 944 1667 construenda
974 1643 1021 1666 est
1041 1646 1050 1668 t
1075 1636 1196 1677 Puppis
1225 1634 1297 1665 hos-

729 1682 830 1712 tilium
853 1682 1001 1719 navium,
1028 1682 1101 1713 citae
1129 1681 1171 1724 (ὲ
1194 1681 1295 1712 verbo

729 1728 811 1759 ciere
821 1751 831 1766 ,
849 1727 937 1770 cieo)
951 1728 1162 1759 sinistrorsnm
1172 1750 1182 1766 ,
1193 1727 1297 1758 latent

729 1774 762 1804 1'11
776 1783 883 1815 portu.
906 1777 965 1806 Per
992 1785 1113 1816 puppes
1135 1773 1294 1804 hostilium

730 1821 855 1851 navium
867 1843 878 1858 ‚
907 1821 1050 1862 intelligo
1086 1816 1293 1862 simpliciter,

728 1877 823 1897 naves
841 1866 979 1898 hostiles.

773 1912 846 1943 Jam
867 1913 960 1950 vero,
977 1909 1146 1954 postquim
1173 1910 1213 1942 de
1240 1909 1294 1942 de·

727 1959 864 1989 sectione
897 1959 1091 1989 terrestrium
1128 1957 1295 1999 copiarum

729 2005 793 2046 egit
807 2006 959 2035 Horatius
968 2027 977 2041 ,
989 2014 1056 2035 eam
1071 2003 1231 2034 navalium
1243 2013 1297 2034 co-

730 2052 854 2092 piarum
882 2059 1005 2092 partem
1029 2055 1200 2086 memorat,
1223 2059 1295 2090 quoe

731 2097 899 2127 Gallorum
924 2095 1071 2136 exemplo
1094 2095 1296 2137 indignantes

731 2142 817 2184 qnod
834 2143 957 2173 feminae
973 2148 1004 2172 et
1020 2141 1215 2182 spadonibus
1231 2151 1295 2171 ser-

731 2188 883 2219 viendum
903 2195 998 2226 esset,
1022 2198 1160 2229 pugnam
1179 2186 1298 2218 detrec-
