1422 2528
115 132 179 154 120

494 127 535 166 Q.
561 126 745 158 HonA‘rn
772 107 923 159 'FLACCI

211 183 290 219 Aut
311 180 375 218 ille
395 190 547 219 centum
560 176 729 220 nobilem
749 186 898 223 Cretam
911 184 1090 234 urbibus,

317 243 449 280 Ventis
465 243 589 280 iturus
607 251 621 274 7
634 257 711 281 non
726 244 824 291 suis;
1264 257 1296 282 30

210 302 444 339 Exercitatas
462 303 641 353 aut-petit
657 305 786 353 Syrtes
800 306 918 352 Noto,

319 363 396 398 Aut
417 362 537 399 fertur
555 363 702 400 incerto
722 363 829 400 mari.

211 420 437 470 Capaciores
454 422 550 459 affer
568 422 644 460 huc
656 450 666 469 ,
684 435 792 472 puer,
811 423 973 474 scyphos
991 425 1026 473 3,

311 483 358 518 Et
378 482 473 519 Chia
491 482 594 530 vina,
618 491 683 519 aut
703 482 856 528 Lesbia,

206 539 276 577 vel
286 567 296 586 ‚
317 541 422 589 quod
439 541 619 579 fluentem
631 555 808 580 nauseam
825 546 1016 591 coerceat,
1260 555 1292 580 3⁵

311 601 451 638 Metire
468 601 578 639 nobis
595 601 811 640 Caecubum.
1275 612 1278 614 “

209 663 350 699 Curam
366 670 586 712 metumque
600 663 758 700 Caesaris
773 675 904 700 rerum
920 664 1031 714 juvat

309 721 422 758 Dulci
440 722 536 771 lyaeo
553 722 713 760 solvere.

102 875 190 908 pro:
214 875 323 908 sagum
349 867 546 907 puniceum,
579 866 611 898 h.
641 877 669 899 e.

99 922 297 954 purpureum
319 915 455 943 mutavit
484 923 559 943 cum
583 920 670 943 veste

98 958 244 997 sordidam
264 969 429 1000 purpureo
445 958 669 1000 paludamento

99 1005 262 1046 deposito,
280 1012 418 1043 vestem,
446 1012 575 1035 mutatae
600 1016 668 1036 sor-

98 1053 138 1083 tis
153 1051 442 1090 iudicem,-induit.
458 1053 506 1082 De
531 1050 591 1082 haic
608 1051 668 1093 hy-

99 1098 220 1140 pallage
231 1120 240 1136 ‚
257 1097 330 1128 vide
352 1097 465 1139 supra,
488 1097 551 1130 od.
567 1100 598 1137 1,
614 1108 667 1137 17,

102 1155 116 1174 1
135 1151 167 1175 et
184 1151 305 1175 notam.

147 1201 178 1230 7.
210 1190 336 1221 Cretam
370 1189 468 1220 itums
498 1200 510 1219 .·
538 1188 668 1220 licentia

97 1235 241 1278 poetica,
257 1247 318 1277 pro
333 1258 342 1274 ‚
354 1235 510 1268 aditurus.
525 1253 571 1259 ·—
585 1238 617 1266 V
614 1247 667 1266 en-

99 1283 139 1314 tis
166 1294 232 1313 non
255 1282 340 1312 suis:
365 1292 434 1313 non
464 1282 663 1320 faventibus,

97 1330 159 1360 sibi
171 1329 371 1360 adversis.Et
381 1339 472 1358 cursu
472 1327 579 1371 facili
590 1328 666 1358 tuis-

97 1387 158 1417 que
171 1374 281 1406 ventis
296 1374 452 1415 Hispanoe
459 1383 535 1415 pete
550 1377 577 1405 T
575 1385 666 1405 arra-

97 1421 187 1453 conis
202 1432 315 1458 arces;
341 1421 480 1452 Martial.
506 1424 550 1458 X,
581 1427 664 1457 104:

91 1467 359 1510 paucissimorum
377 1467 500 1498 dierum
510 1467 647 1508 spatium
655 1491 664 1507 ,

96 1515 127 1546 si
146 1514 254 1546 navim
277 1524 351 1544 suus
367 1521 484 1544 ventus
502 1513 642 1554 implevit
651 1526 665 1551 ;

96 1562 208 1593 Seneo.
228 1562 349 1601 Quaest.
375 1566 441 1590 nat.
460 1562 491 1598 Ι,
508 1561 542 1590 in
558 1561 667 1602 praefa-

95 1609 194 1639 tione.
228 1623 275 1630 -
312 1607 418 1645 Syrtes
435 1617 446 1636 .·
472 1605 537 1637 vid.
570 1606 666 1648 supra

95 1653 159 1685 od.
181 1655 217 1691 1,
237 1663 300 1691 22,
322 1653 353 1683 5.
382 1669 430 1676 ——
463 1653 666 1683 Exercicacas

96 1701 182 1730 Noto
197 1711 209 1730 .·
226 1699 441 1740 procellosas,
476 1700 579 1730 ventis
606 1699 665 1729 ob-

94 1747 337 1777 noxias.-—-Aut
339 1746 449 1787 fertur
463 1743 584 1776 incerto
600 1755 666 1775 ma-

95 1792 144 1822 ri:
160 1799 213 1823 aut
224 1793 364 1822 incertus
379 1797 522 1833 vagatur,
541 1792 666 1822 nescius

95 1849 190 1880 quem
203 1845 333 1879 portum
348 1845 444 1879 petat.

143 1885 175 1915 8.
192 1884 386 1925 Capaciores
396 1883 483 1926 asser
493 1883 564 1920 hae‘tc,
571 1894 665 1924 puer,

96 1930 229 1972 scyphos
254 1941 264 1960 .·
285 1929 395 1961 laetitia
426 1930 526 1960 elatus
555 1937 662 1966 vates,

93 1978 277 2009 Maecenatis
291 1977 478 2007 convivium
486 1975 551 2016 jam
560 1977 666 2008 animo

723 868 885 908 praecipit3
916 866 979 907 jam
1016 877 1114 898 coenae
1142 868 1292 900 interesse

723 914 786 945 sibi
810 914 950 951 videtur,
971 920 1003 944 et
1025 914 1069 944 ob
1089 920 1208 944 tantam
1225 916 1294 946 Au-

722 961 807 1002 gusti
828 961 994 991 victoriam
1018 960 1100 991 nihil
1128 970 1196 992 non
1231 961 1293 992 sibi

723 1007 926 1047 permittens,
943 1007 1034 1047 quasi
1050 1017 1167 1038 mensae
1182 1017 1240 1038 rex
1260 1015 1293 1038 et

724 1053 861 1091 arbiter5
884 1053 1060 1092 majoribus
1079 1053 1207 1094 poculis
1233 1064 1291 1095 po-

728 1106 794 1129 tare
821 1100 972 1129 convivas
989 1099 1092 1137 jubet.
1117 1101 1192 1140 Quo
1219 1101 1291 1140 qui—

722 1145 797 1176 dem
826 1143 979 1182 artificio,
999 1144 1039 1175 ad
1058 1155 1125 1176 rem
1149 1143 1290 1177 vividius

720 1191 822 1222 oculis
838 1190 1085 1230 subjiciendam,
1100 1201 1168 1222 non
1191 1190 1289 1222 semel

719 1239 834 1270 Noster
849 1248 926 1267 usus
946 1243 1004 1268 est.
1018 1236 1101 1268 Vide
1116 1236 1213 1278 supra
1225 1236 1288 1269 Od.

719 1285 771 1321 ΙΙ,
788 1294 818 1323 7,
836 1294 889 1321 21,
901 1290 932 1313 et
947 1285 1015 1320 ΙΙΙ,
1034 1293 1086 1324 19,
1097 1284 1293 1324 9.—Quod

708 1330 871 1373 fluentem
880 1339 1034 1359 nauseam
1045 1337 1209 1360 coerceat:
1225 1330 1289 1362 Cae-

720 1377 861 1414 cubum,
881 1377 994 1406 vinum
1009 1382 1077 1406 erat
1097 1385 1288 1417 generosum

719 1430 750 1452 et
765 1421 923 1452 firmando
936 1421 1100 1452 stomacho
1114 1421 1266 1452 idoneum
1275 1445 1285 1460 ,

719 1469 806 1499 unde
821 1468 861 1499 ab
873 1468 1030 1499 Athenaeo
1044 1469 1079 1506 1,
1091 1478 1131 1498 21
1142 1490 1154 1506 ,
1168 1466 1287 1504 εὔτονος

719 1515 906 1556 appellatur.
942 1513 1024 1545 Cum
1061 1512 1160 1556 igitur
1190 1514 1287 1555 paulo

717 1558 981 1602 intemperantius
1010 1560 1132 1602 epulari
1160 1559 1288 1592 medita-

717 1614 819 1645 retur,
850 1605 1027 1648 prudeuter
1059 1606 1215 1644 ejusmodi
1243 1607 1288 1637 vi-

718 1663 797 1684 num
823 1654 920 1694 petit,
945 1651 1033 1692 quod
1057 1652 1216 1684 ebrietatis
1240 1652 1288 1683 fu·

718 1710 787 1730 mos
813 1695 912 1730 sedet.
945 1715 991 1722 --
1012 1698 1130 1729 Curam
1155 1705 1286 1729 metum-

718 1756 780 1786 que
817 1744 952 1775 Coesaris
988 1754 1093 1775 rerum
1123 1755 1135 1775 .·
1164 1751 1285 1775 metum

719 1802 814 1832 quem
828 1791 868 1822 de
879 1797 996 1822 eventu
1010 1790 1087 1821 belli
1102 1789 1192 1832 prius
1210 1800 1286 1821 cou-

719 1845 860 1878 ceperat,
882 1847 976 1878 quem
999 1838 1130 1868 Actiaca
1154 1836 1284 1877 quidem

719 1885 854 1915 victoria
877 1883 1017 1925 fugavit,
1043 1893 1139 1924 quem
1158 1882 1282 1918 tamen,

719 1940 760 1960 ne
775 1929 918 1971 unquam
932 1927 1041 1970 postea
1053 1928 1181 1967 redeat,
1192 1927 1286 1971 juvat

719 1977 796 2007 vino
812 1973 939 2018 penitus
951 1977 1146 2018 immergere.
