1404 2522
697 139 725 168 X

169 217 268 268 Hic,
289 213 470 270 Augusti
488 211 676 263 dextera,
690 211 807 252 urbis
826 213 972 253 Romae
990 211 1230 269 praefectus,
1251 226 1294 257 et

111 282 239 324 totius
258 281 398 337 regni,
418 289 467 319 ut
484 287 653 329 vocant,
670 277 848 318 vicarius
862 310 873 330 ,
889 277 1156 334 dignissimos
1170 294 1294 336 quos-

113 364 213 405 que,
248 347 390 403 quales
421 355 540 385 erant
560 343 710 384 Varius
739 355 780 384 et
802 344 1021 401 Virgilius,
1046 346 1193 400 primae
1217 346 1294 387 ad-

110 411 318 469 missionis
343 410 518 460 amicos,
534 419 576 449 et
593 408 790 449 Flaccum
815 409 990 466 insuper
1009 410 1295 452 convictorem

110 489 208 536 post
235 477 314 519 sibi
336 475 531 517 assumsit
548 472 786 527 assiduum3
808 486 926 516 tanto
956 477 1171 532 utrimque
1196 491 1294 518 cum

108 543 268 596 judicio
287 556 334 582 ac
351 541 460 597 pene
483 538 651 586 fastidio
663 571 673 591 ,
693 541 808 580 tanta
823 541 1019 582 cautione
1040 556 1089 582 ac
1103 540 1294 598 pruden-

110 610 188 662 tia,
226 604 584 664 quemadmodum
613 603 761 646 divites
793 615 834 646 et
863 606 1071 662 ingeniosi
1098 606 1294 648 homines

111 675 267 727 solent,
287 683 336 713 ut
359 686 437 712 nec
455 671 572 711 illum
599 670 814 711 electionis
833 686 918 712 suae
944 674 1133 728 unquam
1156 673 1291 729 poeni-

109 740 256 792 tuerit,
267 752 407 793 neque
425 736 492 777 hic
506 735 760 789 libertatem,
774 750 864 777 rem
878 737 957 777 sibi
974 739 1140 794 semper
1154 752 1294 778 caram

110 806 242 846 visam
258 814 300 844 et
310 800 659 854 inaestimabilem,
681 803 739 842 sic
757 802 960 854 amiserit,
981 812 1030 843 ut
1049 817 1136 846 non
1148 833 1160 853 ,
1184 816 1295 858 quo-

109 872 359 926 tiescunque
382 868 469 909 fere
494 867 635 908 animo
657 878 765 908 esset
786 867 974 920 libitum,
994 866 1141 909 eadem
1164 868 1294 909 liber-

111 937 215 978 rime
248 944 439 976 uteretur
476 931 627 974 eodem
664 932 708 972 in
744 931 899 984 fundo,
935 933 1092 974 Sabino
1119 932 1293 985 scilicet,

111 1016 198 1058 quo
220 1002 272 1042 ab
297 998 547 1040 amicissimo
571 996 1070 1055 magnificentissimoque
1097 998 1189 1040 viro
1207 1007 1298 1039 erat

112 1067 294 1109 donatus
317 1078 347 1108 1.

169 1134 303 1174 Totos
339 1147 493 1174 novem
528 1146 713 1184 menses,
745 1141 899 1171 statum
932 1129 1121 1186 perfecto
1156 1128 1297 1187 partui

115 1211 298 1255 tempuS,
318 1197 371 1239 de
387 1199 470 1240 hoc
484 1197 785 1247 homuncione,
801 1194 985 1252 bipedali
1003 1196 1091 1236 fere
1107 1193 1295 1246 modulo,

114 1279 293 1322 corpore
317 1264 484 1322 Tydeo,
513 1276 554 1306 at
576 1264 716 1305 animo
745 1261 940 1314 Hercule,
970 1260 1045 1302 sed
1074 1260 1294 1302 Musarum

113 1331 308 1384 alumno,
356 1331 468 1372 inter
509 1331 664 1372 amicos
698 1327 942 1385 recipiendo
986 1326 1292 1368 deliberaverat

114 1399 336 1449 Maecenas,
353 1400 596 1454 quanquam
612 1395 875 1437 tradentibus
892 1408 988 1434 eum
1002 1392 1193 1450 Virgilio,
1207 1393 1294 1433 Va·

114 1465 278 1520 rioque,
301 1463 397 1504 cum
414 1463 587 1504 summis
602 1461 789 1519 primarii
802 1458 1242 1515 nominispoetis,tum
1254 1469 1296 1500 et

111 1529 301 1572 candidis
319 1530 576 1582 minimeque
591 1527 708 1568 malis
723 1527 834 1567 viris.
849 1523 1123 1565 Memorabile
1137 1534 1200 1565 est
1213 1524 1296 1580 qua

111 1606 199 1636 arte
220 1608 268 1634 ac
291 1592 580 1634 moderatione
610 1588 724 1630 tanta
754 1588 906 1628 summi
930 1588 1007 1628 viri
1036 1588 1296 1645 benignitate

108 1675 211 1702 usus
228 1660 292 1701 sit.
313 1659 413 1710 Ejus
429 1657 472 1697 in
488 1655 620 1698 oculis
639 1653 736 1695 cum
751 1653 924 1694 Flaccus
941 1663 1174 1710 gestaretur
1185 1667 1294 1694 sem-

109 1729 199 1785 per,
219 1725 279 1766 illi
306 1724 360 1766 ad
381 1738 590 1775 mensam,
617 1721 660 1761 in
680 1719 795 1762 seriis
817 1719 875 1759 illi
897 1730 938 1760 et
950 1719 1076 1771 jocis,
1102 1718 1219 1760 domi
1234 1718 1295 1760 fo-

108 1795 252 1849 risque
276 1806 417 1832 comes
445 1799 554 1830 esset
571 1785 805 1828 indivulsus
828 1799 875 1825 ac
898 1794 1129 1841 perpetuus
1156 1787 1295 1840 usque

110 1858 164 1900 ad
180 1869 413 1899 extremum
434 1857 526 1898 vitae
547 1853 758 1911 spiritum,
784 1866 832 1893 ea
851 1853 990 1893 tamen
1010 1851 1190 1891 sibinen
1211 1867 1289 1908 pe-

108 1924 193 1976 tiit,
211 1938 303 1979 quae
321 1937 399 1964 nec
420 1921 488 1962 ille
513 1919 780 1976 denegassem
799 1919 901 1974 quin
920 1927 960 1958 et
975 1926 1145 1973 accepta
1166 1918 1294 1959 semel

110 1989 288 2032 reddere
306 1989 531 2045 potuisset,
551 1986 585 2027 si
603 2000 698 2026 cum
723 1983 925 2025 libertatis
943 1983 1196 2039 honestique
1218 1985 1294 2026 otii

112 2054 267 2097 damno
293 2055 475 2095 retinere
502 2052 571 2093 illa
595 2050 829 2102 debuisset;
864 2052 962 2090 satis
993 2048 1114 2089 etiam
1145 2049 1293 2091 beatus

161 2219 168 2234 ¹
188 2211 330 2244 Omnino
348 2209 413 2240 vid.
429 2209 487 2240 lib.
501 2210 535 2247 Ι,
555 2209 647 2249 epist.
664 2218 696 2247 7,
713 2208 754 2239 D.
773 2208 836 2238 Sat.
854 2206 874 2236 6
889 2205 946 2236 lib.
961 2207 986 2236 Ι.
