1422 2528
144 99 207 120 112

535 94 575 134 Q.
591 94 772 127 HORATII
789 96 939 129 FLAccr

352 151 412 188 An
428 152 564 201 culpa?
583 166 804 206 responsum
822 156 907 195 date
926 156 959 201 5.,

246 213 409 257 Tacent,
427 222 464 248 et
482 213 592 251 albus
611 227 679 254 ora
697 217 820 267 pallor
838 218 977 264 inficit,
1296 227 1326 251 ¹⁵

353 274 577 324 Mentesque
586 277 779 326 -perculsae
795 285 959 328 stupent.

244 327 308 377 Sic
328 338 382 366 est
399 331 431 378 6;
450 332 588 370 acerba
607 334 683 372 fata
702 338 893 373 Romanos
907 346 1042 388 agunt,

353 391 558 442 Scelusque
572 393 749 432 fraternae
767 396 888 442 necis,

243 451 296 487 Ut
311 450 543 491 immerentis
561 453 671 491 fluxit
688 455 727 492 in
745 464 883 494 terram
902 457 1012 494 Remi

348 513 463 550 Sacer
477 514 680 565 nepotibus
693 529 820 555 cruor.
1295 531 1326 546 ²⁰

133 671 199 701 vias
230 670 420 713 plerumque
453 672 697 716 detorquentur,

134 723 189 748 aut
209 718 316 758 primo
332 725 364 749 et
385 719 624 751 inconsiderato
644 723 700 753 irae

133 770 165 794 et
173 763 303 794 ultionis
320 765 443 806 impetu
454 789 462 803 ‚
482 766 533 798 vel
547 768 700 799 inelucta-

132 809 191 840 bili
211 810 350 841 fatorum
363 811 475 843 ordine
488 819 519 843 et
532 813 572 843 vi
587 821 699 855 poten-

132 855 251 887 tissima
274 857 413 898 abrepti,
427 865 492 895 vaut
513 860 548 889 in
571 871 701 901 poenam

132 902 288 934 scelerum
303 903 342 934 ab
357 903 426 945 ipsa
442 905 645 946 providentia
661 907 701 937 ad

132 950 296 990 propriam
309 951 485 991 perniciem
503 953 645 994 impulsi.

179 996 210 1026 5.
226 997 422 1037 Responsum
447 998 524 1028 date
542 1010 554 1028 .·
574 998 627 1029 hic
653 1000 700 1041 ly-

130 1042 216 1072 ricus
230 1049 317 1073 vates
330 1054 497 1084 personam
514 1051 617 1086 poetae
632 1045 700 1075 dra·

752 677 908 708 scelerum
930 675 1108 714 ultoribus,
1125 685 1191 706 esse
1203 675 1322 705 immis-

753 734 796 761 sa,
805 724 840 753 in
855 734 982 764 poenam
993 723 1141 753 facinoris
1151 721 1169 752 ὲ
1181 721 1326 753 Romulo

752 771 886 810 patrati,
902 771 959 810 qui
971 769 1099 799 fratrem
1111 777 1206 798 suum
1218 766 1325 798 imme-

753 823 873 846 rentem
883 815 1028 846 occidere
1041 824 1135 845 ausus
1149 814 1262 844 fuerat.
1276 815 1326 845 Sic

754 862 910 903 Virgilius
922 885 930 900 ‚
962 871 1089 892 causam
1121 859 1324 901 publicarum

755 908 970 938 calamitatum
997 907 1038 938 ab
1058 907 1136 948 ipsis
1154 906 1259 945 Trojae
1276 906 1325 936 in-

754 954 912 984 cunabilis
945 961 1110 995 repetens,
1145 952 1263 994 Georg.
1290 953 1324 990 1,

756 1000 819 1031 501
836 1010 844 1031 :
861 999 947 1031 Sacis
958 999 1151 1041 J'amdndt'aem
1165 997 1325 1040 sanguine

755 1053 880 1084 noser-o,
918 1046 1167 1077 Laomedonteae
1210 1044 1325 1075 luimus

130 1088 239 1118 matici
261 1089 390 1128 indum
414 1093 577 1122 Romanos
609 1093 703 1132 quasi·
747 1092 895 1133 perjuria
909 1091 1217 1133 Trosoe.Notandain
1227 1091 1327 1132 scrip—

130 1141 300 1176 praesentes
313 1143 344 1166 et
361 1136 378 1166 ὲ
396 1144 546 1179 suggestu
567 1138 700 1179 alloqui-

130 1187 202 1219 tur3
218 1180 417 1224 magistratus
435 1185 522 1214 vices
541 1185 639 1225 gerit;
653 1186 701 1215 iu-

130 1233 285 1268 terrogat,
302 1239 494 1270 responsum
515 1232 614 1270 petit3
630 1237 700 1261 tan-

117 1278 196 1303 ·tam
220 1273 282 1305 sibi
306 1276 525 1306 auctoritatem
556 1277 572 1306 ὲ
600 1287 702 1307 causae

135 1329 200 1350 suae
206 1320 329 1359 justitia
341 1321 481 1352 vindicat
491 1324 498 1353 !
507 1339 556 1348 —-
564 1325 698 1361 Tacent,

137 1372 168 1396 ec
185 1365 276 1396 albus
305 1377 363 1397 ora
382 1368 496 1408 pallor
514 1368 613 1411 inficit
629 1380 640 1399 .·
661 1371 705 1400 si-

134 1412 271 1443 lentium
282 1419 314 1443 et
323 1413 436 1454 pallor,
445 1415 615 1446 certissima
625 1426 702 1447 con-

134 1458 228 1488 victae
245 1461 449 1490 conscientiae
465 1461 593 1493 indicia.

752 1139 876 1169 toribus
891 1139 1034 1170 Ethnicis
1061 1138 1190 1179 opinio,
1211 1137 1246 1167 in
1260 1135 1325 1177 qua

753 1191 858 1215 totum
873 1185 1051 1216 christianae
1065 1183 1228 1226 religionis
1248 1181 1322 1213 aedi-

752 1229 862 1262 ficium
883 1232 1010 1270 nititur,
1025 1231 1182 1270 majorum
1207 1228 1325 1260 delicta

753 1277 789 1307 in
804 1278 934 1308 ultimo's
947 1287 1050 1318 usque
1061 1283 1206 1318 posteros
1219 1281 1327 1306 exten-

754 1323 798 1355 di.
811 1324 907 1355 Unde
922 1323 1019 1366 supra
1033 1324 1160 1361 Noster,
1179 1321 1242 1354 Od.
1257 1323 1324 1360 111,

755 1371 794 1407 6,
814 1379 851 1401 1:
876 1369 1006 1400 Delicta
1029 1368 1186 1411 majorum
1214 1367 1324 1398 imme-

756 1415 833 1446 ricus
852 1416 919 1451 lues
930 1438 939 1454 ,
955 1418 1112 1447 Romane.
1130 1431 1177 1439 ·--
1197 1415 1262 1444 Ue:
1285 1418 1326 1443 ex

755 1473 793 1493 eo
819 1469 961 1503 ternpore
984 1472 1062 1503 quo.
1082 1477 1130 1485 --
1147 1461 1247 1491 Sacer
1269 1469 1326 1490 ne—

183 1504 216 1536 6.
240 1504 294 1536 Sic
318 1513 365 1536 est
382 1517 394 1536 .·
410 1506 493 1538 nihil
514 1506 579 1547 jiun
609 1507 702 1538 dubii
749 1508 876 1550 potibus
891 1518 1004 1539 cruor:
1016 1508 1143 1550 sanguis
1163 1507 1256 1538 Remi
1275 1507 1325 1536 in-

136 1557 264 1589 manet3
279 1562 340 1592 pro
362 1559 449 1583 certo
465 1554 639 1584 tenendum
655 1561 701 1585 est

137 1596 242 1628 civilia
257 1597 341 1629 bella
356 1597 373 1629 ὲ
387 1599 473 1639 fatis,
490 1600 523 1632 h.
548 1611 575 1631 e.
599 1600 615 1631 ὲ
640 1600 700 1631 diis

754 1565 872 1585 nocens
881 1576 890 1592 ‚
910 1554 960 1585 vel
973 1554 1013 1585 ab
1030 1552 1260 1585 innocentibus
1271 1561 1326 1582 ue-

753 1601 886 1643 potibus
903 1600 1091 1642 expiandus.
