1404 2522
499 146 578 178 Lm.
604 147 651 177 lv
677 145 765 178 ODE
790 146 848 177 lv.
1249 151 1287 182 ¹9

179 203 290 243 Venti
304 210 528 256 paventem3
544 217 635 243 mox
647 204 687 242 in
702 203 820 242 ovilia

177 266 342 303 Demisit
358 265 509 304 hostem
529 265 685 304 vividus
700 266 883 316 impetus3
1256 278 1286 294 ιο

233 328 346 365 Nunc
364 327 403 365 in
422 328 653 378 reluctantes
673 327 861 366 dracones

283 387 371 439 Egit
388 401 497 426 amor
516 388 626 440 dapis
644 397 760 439 atque
779 399 938 438 pugnae3

182 449 393 496 Qualemve
408 450 661 501 laetiscaprea
685 449 837 501 pascuis

179 510 330 548 Intenta
351 510 380 557 3,
403 510 517 549 fulvae
536 511 670 549 matris
686 509 737 548 ab
757 508 879 547 ubere

228 572 314 621 Jam
332 570 432 609 lacte
449 572 655 624 depulsum
674 571 825 608 leonem
1258 575 1287 600 ¹5

244 652 254 665 «κ
286 634 412 672 Dente
430 646 535 671 novo
556 634 731 685 peritura
745 632 861 678 vidit;

178 692 322 732 Videre
337 693 354 723 4
375 695 522 734 Rhaetis
541 695 644 734 bella
661 694 734 733 sub
754 691 920 745 Alpibus

71 851 171 882 Drusi
198 852 406 894 prudentiam
435 864 493 896 per
522 855 654 885 univer-

70 908 143 929 snm
158 901 308 931 carminis
318 907 463 932 tenorem
475 925 484 939 ‚
500 900 654 932 attentius

72 944 182 977 forsan
203 946 300 988 quam
321 948 548 979 fortitudinem
572 959 654 990 prae-

73 992 172 1026 dicat.
189 994 275 1026 Vide
290 995 388 1034 infra,
406 1007 439 1028 v.
455 1007 500 1027 20
518 1006 526 1029 :
545 995 655 1027 Consi·

74 1040 127 1072 liis
135 1040 263 1083 juvenis
285 1042 434 1080 revictae5
458 1051 491 1074 et
519 1055 552 1075 v.
583 1054 622 1083 71
646 1053 654 1074 ε

74 1088 172 1120 Curae
189 1100 346 1133 sagaces,
360 1098 422 1122 etc.
443 1091 527 1121 Mox
547 1090 654 1122 adole-

72 1137 138 1174 vit,
152 1143 185 1168 et
207 1137 316 1168 statim
334 1138 553 1169 nobilioribus
571 1149 654 1180 prae-

71 1183 124 1214 liis
145 1185 342 1226 praeludens,
358 1186 394 1216 in
408 1186 538 1217 imbelle
555 1197 654 1228 pecus

73 1231 158 1262 vires
183 1239 216 1263 et
237 1234 363 1264 animos
385 1241 535 1272 exercet,
564 1233 655 1275 quod

72 1278 212 1310 libenter
220 1281 355 1311 referam
373 1280 412 1311 ad
427 1282 594 1312 venatoria
607 1282 655 1320 ju-

74 1328 218 1358 veniatis
235 1330 407 1367 Romanae,
427 1336 459 1359 et
479 1328 655 1371 praesertim

74 1375 174 1405 Drusi
190 1375 309 1414 studia,
321 1387 394 1418 qnae
411 1377 446 1407 in
458 1377 572 1418 primis
591 1375 657 1406 bel-

73 1421 209 1452 limeum
251 1425 523 1454 exercitationum
566 1422 657 1454 rudi-

74 1464 193 1500 miutis
209 1471 436 1512 ponebantur3
453 1472 554 1508 nime,
569 1471 603 1502 h.
626 1482 656 1502 e.

76 1516 207 1547 tandem
221 1525 346 1549 matura
356 1542 365 1557 ,
379 1525 409 1548 et
419 1518 522 1560 plenis
532 1519 658 1561 pollens

77 1563 219 1603 viribus,
243 1565 439 1597 metuendos
471 1566 579 1597 hostes
605 1577 659 1608 ag-

77 1611 244 1653 greditur,
260 1620 298 1644 nt
318 1613 490 1653 dracones,
508 1616 567 1656 qni
582 1624 658 1644 eum

76 1659 147 1700 ipsi
164 1658 287 1691 luctam
310 1662 464 1703 imparem
487 1669 519 1692 et
540 1672 658 1692 cruen-

75 1712 142 1736 tam
173 1707 257 1738 inire
297 1719 366 1740 non
399 1708 559 1740 dubitant.
595 1708 658 1740 Hic

77 1764 147 1784 eam
166 1761 291 1786 aetatem
311 1757 440 1799 attingit
462 1764 557 1798 poeta
569 1780 577 1795 ‚
593 1755 658 1798 qua

76 1802 204 1832 Drusus
217 1802 339 1834 feroces
353 1811 385 1834 et
397 1803 573 1835 indomitos
586 1804 660 1835 hac-

77 1847 171 1880 tenus
194 1851 334 1892 populos
353 1861 536 1893 aggressus,
556 1863 599 1883 ex
619 1853 659 1883 iis

75 1895 260 1938 praedtram
282 1900 455 1930 victoriam
468 1901 659 1941 reportavit.

78 1945 154 1975 Non
172 1944 281 1976 autem
302 1946 431 1977 excidat
452 1946 550 1988 quam
570 1947 659 1986 justo

77 1991 253 2023 verborum
275 2000 545 2035 temperamento,
563 1993 660 2036 quam

77 2039 212 2081 proprio
226 2051 345 2072 vocum
361 2041 490 2072 delectu
509 2041 578 2072 baec
590 2053 660 2073 om-

78 2085 132 2116 nia
146 2088 324 2119 successive
347 2090 562 2131 explicentur.
580 2089 661 2120 Gra-

80 2132 179 2164 datim
212 2135 388 2167 ascendunt
400 2159 408 2175 ‚
437 2143 475 2167 nt
505 2136 660 2174 decebat,

82 2186 146 2211 ires
159 2180 224 2213 illu!
240 2193 354 2222 voces,
373 2182 536 2226 propulit,
558 2183 660 2214 demi-

81 2227 142 2265 sit,
160 2229 246 2271 egit,·
262 2241 368 2272 neque
389 2231 519 2262 silentio
533 2238 662 2273 praeter-

80 2274 187 2306 ‘cunda
208 2277 361 2319 praeclara
384 2279 438 2310 illa
461 2279 566 2321 imago
587 2289 662 2310 ven-

707 860 818 884 torum
829 862 905 883 vere
921 851 1114 892 spirantium
1124 874 1133 890 ‚
1150 861 1290 893 quorum

708 901 799 942 quasi
816 899 998 941 magisterio
1023 898 1160 930 edoctus
1176 899 1292 940 aquilae

709 947 832 989 pulluS‚
858 946 992 977 volandi
1021 953 1122 977 artem
1152 953 1186 977 et
1207 957 1290 989 prae-

709 1001 801 1036 cepta
815 993 984 1027 edocetur.

759 1043 791 1073 3.
810 1041 910 1072 Laetis
937 1051 1056 1083 caprea
1072 1039 1206 1082 pascuis
1237 1042 1292 1071 In-

710 1096 802 1120 tenta
815 1099 828 1118 .·
847 1087 1022 1120 artificiose
1047 1089 1187 1130 opponit
1206 1098 1294 1119 secu-

710 1137 837 1167 ritatem
852 1147 975 1178 capreae
984 1136 1160 1179 pascentis,
1177 1136 1295 1167 terrori

709 1195 776 1225 quo
797 1183 907 1215 subito
929 1185 1107 1226 corripitur
1125 1183 1166 1214 ad
1187 1194 1295 1225 aspec-

709 1238 779 1262 tum
796 1231 942 1262 leunculi
961 1230 979 1262 a
999 1242 1066 1273 quo
1079 1231 1158 1262 mox
1168 1242 1202 1262 se
1217 1231 1295 1262 dila·

710 1278 882 1310 cerandam
908 1279 1073 1321 intelligit.
1097 1295 1145 1303 —-
1175 1278 1293 1320 Matris

709 1326 751 1356 ab
768 1326 864 1358 ubere
885 1325 962 1357 Jizm
988 1327 1075 1358 lacte
1100 1326 1268 1368 depulsum
1282 1338 1293 1357 .·

711 1373 832 1415 aliquid
854 1375 890 1404 in
903 1373 954 1404 his
971 1374 1067 1405 ubere
1083 1380 1115 1404 et
1139 1374 1224 1405 lacte
1242 1384 1293 1405 re-

711 1421 856 1452 dundare
879 1421 1021 1454 videtur.
1041 1421 1138 1454 Unde
1157 1422 1194 1453 in
1210 1433 1289 1453 non-

710 1468 809 1499 nullis
827 1469 906 1501 edit.
927 1469 1004 1500 Jc‘zm
1026 1469 1111 1500 lacte
1133 1476 1294 1500 mutatum

711 1519 807 1547 estin
826 1516 959 1548 adverb.
977 1516 1196 1560 jamjlzmque.
1216 1518 1294 1548 Sen—

711 1574 765 1594 sus
773 1571 907 1595 servatae
914 1565 1064 1595 lectionis
1072 1564 1188 1596 clarior
1195 1563 1293 1605 quam

710 1618 748 1642 ut
759 1612 886 1643 inutilis
900 1610 1034 1655 prorsus
1045 1611 1230 1643 emendatio
1239 1611 1294 1642 ad·

710 1660 869 1691 mittatur.
898 1677 945 1684 --
969 1661 1077 1690 Dente
1105 1670 1187 1690 novo
1206 1659 1295 1701 peri-

711 1713 784 1737 tura
810 1718 822 1737 :
850 1707 947 1738 dente
977 1706 1083 1738 adhuc
1103 1709 1295 1749 inexperto,

712 1753 808 1784 caedis
826 1755 942 1786 inscio.
974 1754 1151 1796 Nunquam
1175 1754 1296 1785 adoles-

712 1803 826 1832 centiae
839 1803 941 1833 Drusi
951 1825 959 1840 ,
969 1813 1043 1843 quae
1051 1808 1179 1832 tantum
1188 1802 1296 1843 splen-

711 1849 823 1880 dorem
844 1851 954 1892 primae
967 1850 1071 1891 ipsius
1084 1850 1231 1880 victoriae
1243 1849 1296 1880 ad-

712 1896 855 1934 diderat,
875 1899 995 1929 Noster
1011 1896 1227 1928 obliviscitur.

761 1950 793 1981 4.
811 1944 930 1975 Videre
942 1956 953 1975 .·
969 1943 1108 1976 subaud.
1125 1944 1237 1976 talem.
1248 1962 1296 1968 —

714 1991 835 2023 Rhaecis
848 1992 904 2022 sub
919 1991 1056 2033 Alpibus
1071 2002 1082 2022 :
1092 1991 1199 2023 Rhaeti
1208 1991 1298 2023 nuuc

714 2040 879 2078 Grisones,
888 2039 1042 2077 Helvetii,
1052 2039 1135 2070 Boii.
1142 2041 1218 2071 Non
1225 2051 1300 2082 pro-

715 2086 769 2118 cul
794 2094 884 2118 erant
912 2086 1098 2123 Vindelici,
1127 2087 1187 2118 ubi
1207 2086 1298 2118 nunc

714 2135 831 2176 partim
858 2135 1010 2173 Bavaria,
1030 2135 1167 2172 Suevia,
1190 2134 1230 2165 ad
1253 2135 1297 2164 ri·

715 2193 772 2224 pas
790 2182 936 2213 Danubii
962 2189 995 2213 et
1016 2181 1135 2214 Rheni.
1152 2183 1296 2213 Juvmm.

717 2230 779 2261 Hic
791 2229 946 2272 strophen
963 2237 1152 2271 sequentem
1169 2229 1186 2259 a
1203 2236 1302 2260 mate-

716 2276 764 2308 ria
779 2278 928 2308 carminis
937 2277 1074 2308 omnino
1085 2277 1220 2307 alienam
1233 2287 1302 2319 pas·
