1404 2522
698 136 743 181 iv

131 218 266 260 dicam
291 218 407 276 quod
423 221 466 260 in
483 234 620 261 unum
639 219 910 262 Aristotelem
928 219 1144 278 octoginta
1161 220 1315 262 talenta

130 285 288 341 praemii
308 285 403 326 loco
429 284 611 339 dederit,
643 285 749 341 ciim-
771 286 1013 327 animalium
1039 286 1316 343 descripserat

131 361 324 403 naturas,
349 361 391 391 et
421 351 830 407 aliquot-hominum
860 352 987 393 millia
1011 368 1087 409 per
1116 353 1318 395 Graeciam

131 415 360 471 Asiamque
377 417 663 470 constituerit,
683 417 915 473 pecuarios,
934 428 1152 458 venatores
1164 449 1174 469 ,
1186 417 1319 473 pisca·

131 489 266 534 tores,
290 481 490 534 cetarios,
509 497 712 538 aucupes,
739 482 812 539 qui
834 481 886 523 de
912 482 1086 539 singulis
1105 497 1203 524 eum
1221 480 1318 524 edo·

132 547 286 587 cer'ent.
321 546 548 588 Veritatem
581 548 668 599 ejus
705 548 767 589 rei
793 548 1032 588 luculenter
1063 549 1317 605 comproba-

131 625 251 663 vero,
273 612 307 652 si
327 613 511 669 Augusti
528 623 690 654 aetatem
709 612 795 653 hnc
816 613 1006 654 referam.
1036 613 1318 661 Felicissimus

130 675 202 716 hic
222 687 264 719 et
279 679 464 735 optimus
482 679 676 736 princeps
699 690 894 730 noverat,
906 682 1140 735 potentiam
1159 678 1322 720 corisilc‘i

130 753 337 799 expertem
365 745 472 784 mole
497 742 575 785 sud
601 759 733 797 ruere,
764 754 806 786 et
822 747 913 785 vim
933 746 1133 786 mentibus
1153 747 1319 787 insitam

131 806 324 851 doctrine
353 811 530 851 maxime
557 811 814 867 promoveri,
845 822 886 851 et
917 811 1092 867 imperia
1120 827 1207 853 non
1238 811 1319 852 nisi

130 877 292 918 summa
307 887 395 918 arte
414 887 455 918 et
472 877 680 918 industria
699 877 919 918 contineri.

187 940 442 982 Industriam
460 944 560 982 verb
578 941 690 983 illam
715 942 865 982 nullibi
883 953 956 982 aut
968 941 1198 994 jucundius
1217 942 1318 995 sibi,

132 1015 204 1046 aut
221 1005 275 1046 ad
297 1007 507 1059 subjectos
527 1008 571 1048 in
591 1007 798 1063 obsequio
818 1007 1063 1049 retinendos
1080 1002 1319 1064 potentius,

130 1082 204 1112 aut
233 1070 287 1111 ad
316 1072 483 1129 imperii
516 1073 773 1124 majestatem
806 1071 1121 1128 propagandam
1158 1073 1319 1114 felicius

130 1138 329 1194 occupari
364 1153 488 1195 posse
522 1148 725 1190 senserat,
762 1140 890 1194 quem
925 1138 958 1178 si
991 1139 1177 1195 egregias
1208 1150 1318 1181 artes

129 1202 353 1259 studiaque
382 1203 618 1245 litterarum
645 1204 735 1259 ipse
765 1218 853 1244 non
885 1203 1068 1260 segniter
1100 1214 1319 1258 tractaret,

128 1266 302 1324 aliisque
343 1267 491 1310 eadem
530 1269 768 1326 porrigeret
809 1269 974 1310 virtutis
1016 1268 1319 1322 instrumenta;

129 1333 407 1389 comprobato
423 1334 610 1390 insuper,
633 1343 680 1374 ut
696 1343 880 1374 rectores
901 1332 1214 1389 provinciarum
1233 1349 1322 1375 ma-

128 1399 412 1456 gistratusque
431 1400 511 1440 sibi
531 1399 617 1440 cari
634 1409 787 1451 essent,
812 1397 886 1455 qui
908 1398 1055 1439 iisdem
1075 1402 1322 1442 tenerentur

129 1464 278 1506 studiis
297 1469 320 1506 ¹.
350 1467 440 1507 Hac
464 1465 664 1507 inductus
690 1465 877 1516 ratione,
904 1479 1090 1505 summos
1105 1465 1317 1516 juriscon—

130 1529 262 1571 sultos
285 1529 507 1571 familiares
525 1531 604 1571 sibi
622 1530 742 1583 fecit,
759 1543 1047 1586 responsaque
1073 1543 1219 1571 eorum
1239 1545 1318 1587 pro

127 1595 291 1652 legibus
323 1611 412 1638 esse
433 1597 578 1649 jussit,
608 1606 649 1637 et
677 1595 905 1636 cultissima
935 1611 982 1636 ac
1008 1595 1320 1637 defaecatissima

130 1662 196 1702 sui
223 1663 425 1719 temporis
455 1662 625 1718 ingenia
647 1660 706 1702 sio
728 1661 970 1718 complexus
990 1670 1073 1713 est,
1091 1672 1140 1703 ut
1158 1672 1200 1701 et
1217 1661 1322 1703 mul-

130 1727 182 1768 tis
207 1742 255 1768 ea
274 1728 453 1784 praemiis
477 1727 604 1776 fuerit
630 1737 895 1783 prosecutus.

187 1792 288 1834 Non
310 1792 379 1841 ille
397 1803 544 1849 poetas
565 1793 732 1833 Graecos
749 1803 822 1832 aut
844 1790 1031 1844 Latinos,
1054 1791 1248 1833 homines
1266 1791 1319 1833 ad

130 1858 264 1899 otium
298 1867 340 1898 et
365 1858 649 1915 voluptatem,
686 1869 735 1898 ut
764 1857 975 1910 videntur,
1006 1857 1142 1898 solum
1174 1869 1318 1911 natos,

129 1923 524 1981 adeolcontempsit,
538 1935 585 1965 ut
599 1939 686 1964 non
705 1934 746 1964 et
764 1924 874 1964 inter
890 1923 981 1964 illos
996 1923 1153 1974 sedere,
1169 1924 1318 1966 iiscum

131 2003 295 2031 coenare
306 1999 319 2015 ²
330 2021 342 2041 ,
361 2004 520 2045 eosque
539 1988 797 2030 familiariter
812 2003 1019 2030 arcessere
1036 1986 1090 2028 ad
1107 2003 1151 2030 se
1168 1988 1315 2030 volue-

1130 2082 1145 2100 e

173 2133 183 2148 ¹
202 2129 241 2158 V.
257 2130 343 2159 Suet.
360 2130 471 2158 Octav.
489 2138 517 2158 c.
536 2128 595 2164 88,
615 2129 732 2168 89.—-—²
752 2127 839 2157 Inter
851 2126 1043 2168 Virgilium,
1060 2126 1191 2156 anxium
1207 2132 1238 2156 et
1253 2137 1318 2156 sus-

125 2182 283 2223 piciosum
306 2183 429 2220 virum,
460 2189 491 2212 et
515 2182 701 2223 lippientem
723 2183 890 2212 Horatium
919 2179 1047 2217 sedens,
1079 2181 1317 2222 supervenienti

125 2237 228 2266 amico
243 2235 344 2268 Caesar
359 2236 460 2266 aiebat
471 2259 479 2274 ‚
496 2234 586 2266 Inter
598 2235 732 2277 suspiria
748 2242 779 2266 ec
791 2235 948 2275 lacrymas
963 2233 1067 2266 sedeo.
