1422 2528
259 178 275 188 .
537 152 615 183 Lm.
641 150 689 181 IV
714 149 802 181 ODE
827 149 886 182 VI.
1280 147 1320 178 33

210 213 372 253 Dauniae
385 213 549 252 defende
562 213 680 250 decus
696 213 875 249 Camenae
887 237 898 255 ,

423 273 548 312 Laevis
566 271 731 323 Agyieu.

211 336 397 387 Spiritum
413 334 580 373 Phoebus
598 333 715 380 mihi,
732 331 901 370 Phoebus
919 339 1040 369 artem

212 396 417 443 Carminis,
435 404 655 446 nomenque
668 393 777 431 dedit
791 396 917 444 poetae
937 391 963 430 ὅ.
1288 399 1319 423 3ο

212 457 411 508 Virginum
432 457 566 508 primae
578 484 589 503 ‚
605 455 797 507 puerique
814 455 929 492 claris

369 523 377 532 “
422 516 601 556 Patribus
622 516 720 564 orti,

213 579 331 616 Deliae
353 579 472 618 tutela
491 581 584 617 Deae
604 586 639 626 ⁹,
657 578 812 629 fugaces

211 642 359 690 Lyncas
379 650 417 679 et
433 653 570 679 cervos
589 639 807 678 cohibentis
822 651 912 677 arcu
924 667 935 686 ,

103 824 139 854 in
153 822 279 855 Troade
289 846 298 862 ,
313 822 392 854 alter
410 822 488 853 vero
509 823 545 853 in
560 819 680 864 Lycii:

103 878 241 912 uterque
260 869 383 902 Phoebo
405 880 499 900 carus
518 876 550 900 et
569 879 682 900 conse-

103 925 223 950 cratus.
241 916 365 960 Supra,
385 917 448 950 Od.
469 918 535 958 111,
554 922 594 954 4,
613 916 655 947 61
672 926 681 949 ε

108 965 174 1008 Qui
180 976 251 996 mre
259 975 344 1006 puro
363 964 517 996 Castaliae
529 964 608 996 lavit
618 965 684 997 Cri-

105 1024 164 1044 nes
180 1013 324 1050 solutos,-
340 1012 407 1044 vid.
426 1019 496 1044 not.
520 1014 557 1044 in
577 1012 611 1044 h.
634 1013 683 1044 lo-

105 1070 193 1092 cum.
209 1060 352 1092 Dauniae
361 1059 500 1102 defende
511 1060 608 1091 decus
627 1060 685 1091 Ca-

106 1119 213 1139 menoe
237 1119 250 1139 .-
279 1107 439 1144 Dauniae,
458 1107 491 1139 h.
517 1119 546 1139 e.
565 1109 681 1145 Latiae,

103 1158 264 1188 Romame
270 1179 281 1194 ,
300 1166 373 1197 pars
385 1166 445 1197 pro
461 1161 550 1192 toto,
562 1162 600 1186 ut
614 1166 684 1196 pas-

106 1203 178 1235 sim.
205 1205 325 1235 Sensus
341 1210 390 1234 est
410 1212 418 1234 :
436 1203 486 1232 fac
511 1208 550 1232 ut
570 1213 632 1245 ego
647 1203 683 1233 iu

104 1250 254 1283 Carmine
268 1250 419 1282 Saemlari
434 1248 581 1280 canendo
603 1250 683 1291 lyri-

104 1299 135 1329 ci
149 1305 253 1340 poetae
267 1297 401 1340 gloriam
416 1304 447 1327 et
462 1296 624 1326 honorem
637 1298 685 1327 in-

104 1351 154 1376 ter
181 1347 348 1377 Romanos
376 1350 478 1375 tuear.
501 1359 550 1367 —
571 1342 683 1374 Levis:

106 1391 283 1430 inberbis,
305 1397 474 1433 perpetuae
499 1390 683 1429 juventutis

106 1439 235 1482 signum
264 1445 297 1469 et
325 1438 468 1469 honores
498 1447 622 1479 gerens.
636 1455 685 1461 ·-—

105 1486 264 1530 Agyieu..-
282 1485 300 1516 31
316 1495 395 1516 voce
413 1483 518 1526 graecft
534 1474 682 1528 Ᾰγυιεὺς,

106 1533 198 1576 quasi
227 1534 289 1564 viis
322 1532 462 1574 publicis
494 1531 682 1574 praesidens.

107 1580 196 1612 Hinc
213 1580 362 1622 Apollini
387 1586 501 1610 statuae
528 1579 601 1610 ante
628 1579 686 1610 do-

107 1638 237 1659 morum
257 1627 342 1658 fores
355 1634 391 1658 et
404 1628 440 1657 in
449 1627 599 1669 compitis
613 1627 687 1658 vul-

110 1676 152 1719 go
168 1676 292 1718 ponitae.

157 1723 188 1754 8.
224 1721 376 1764 Spiritum
419 1720 555 1752 Pha-bus
589 1721 681 1760 mihi,

110 1768 248 1801 Plaoebus
272 1777 376 1800 artem
411 1768 570 1800 Carminis
584 1792 595 1806 ‚
630 1781 688 1800 no-

109 1828 247 1860 menque
258 1816 348 1848 dedic
357 1817 465 1858 poe'tae
479 1828 491 1847 .·
507 1827 636 1859 precem
651 1818 688 1848 in

56 1893 63 1897 ,
108 1865 241 1907 strophe
284 1863 479 1906 praecedenti
519 1865 686 1904 emissam,

109 1913 200 1955 quasi
223 1913 313 1943 illico
340 1911 525 1942 exauditam
554 1913 688 1943 sentiret

109 1967 217 1999 vates,
230 1961 266 1991 in
278 1959 402 1990 subitos
419 1961 560 2001 impetus
578 1970 686 1991 erum-

109 2008 159 2048 pit
169 2031 178 2045 ,
187 2014 220 2038 et
232 2006 417 2038 incohando
432 2007 576 2038 Carmini
591 2009 686 2038 Secu-

110 2054 170 2084 lari
184 2053 363 2096 praeludere
378 2053 516 2084 videtur.
534 2055 618 2085 Nota
636 2064 687 2084 re·-

113 2101 300 2142 petitionem
313 2123 322 2139 ,
346 2101 498 2137 Pha-bus,
527 2099 663 2131 Pha-bus
673 2113 686 2138 ;

113 2151 189 2178 no‘ta
217 2159 348 2190 quoque
378 2155 440 2178 tres
473 2147 543 2177 illas
571 2158 681 2186 voces,

112 2193 277 2235 spiritum,
307 2202 430 2232 artem,
460 2205 598 2231 nomen,
627 2205 686 2236 per

112 2251 191 2282 quas
214 2241 337 2273 Phoebo
365 2243 481 2283 gratias
509 2242 572 2283 agit
595 2241 685 2282 quod

110 2286 254 2330 primum
270 2290 335 2319 vim
357 2289 534 2319 naturalem
552 2295 583 2319 et
598 2289 686 2331 inge-

736 822 856 859 nitam,
872 820 990 852 deiude
1017 819 1161 852 studium
1185 827 1218 852 et
1234 811 1322 851 exer-

737 869 946 906 citationem,
971 869 1042 898 sine
1073 868 1192 910 quibus
1222 879 1318 899 nemo

736 923 784 947 est
801 922 915 958 poeta,
937 916 1053 947 famam
1075 915 1236 958 denique,
1251 915 1323 946 dul-

737 965 897 995 cissimam
930 965 1134 1006 poeticorum
1170 963 1322 994 laborum

737 1011 940 1049 mercedem,
961 1011 1151 1043 obtinuerit.
1170 1013 1244 1054 Ego
1261 1022 1322 1041 nee

738 1058 879 1089 studium
904 1058 976 1089 sine
1000 1058 1096 1089 divite
1116 1057 1210 1089 vend
1223 1081 1232 1097 ‚
1248 1059 1320 1089 Nec

737 1106 819 1136 rude
825 1105 1123 1147 quidprosicvideo
1131 1106 1300 1148 ingenium
1310 1117 1322 1136 :

738 1154 802 1184 Ars
829 1161 918 1194 poet.
957 1154 1035 1191 408.
1064 1172 1113 1179 -—-
1148 1156 1181 1183 V
1179 1153 1319 1196 irginum

732 1199 865 1241 primoe,
884 1201 1043 1243 puerique
1057 1200 1155 1232 clan's
1170 1201 1322 1233 Patribus

738 1247 803 1279 orei
813 1257 822 1279 :
834 1248 901 1287 jam
915 1250 1097 1280 orationem
1109 1250 1272 1281 convertit
1283 1249 1323 1280 ad

738 1305 859 1336 pueros
887 1296 962 1327 illos
990 1303 1022 1328 et
1046 1293 1172 1337 pacllas
1195 1278 1323 1328 nobiles

739 1351 832 1382 quae,
848 1343 889 1372 de
916 1354 1024 1381 more,
1038 1345 1170 1384 gemino
1198 1351 1324 1386 septem

738 1395 771 1418 et
786 1389 902 1430 viginti
927 1400 969 1420 ex
995 1390 1060 1420 unzi
1085 1390 1214 1433 quinque
1232 1399 1323 1433 parte

740 1436 925 1466 canentium
941 1436 1044 1467 choro
1058 1437 1197 1469 Carmen
1215 1441 1322 1470 saecu-

738 1481 804 1512 lare
819 1481 982 1514 debebant
997 1485 1148 1525 exsequ13
1170 1485 1322 1518 chorodi-

739 1529 866 1561 daescali
893 1538 1000 1572 partes
1025 1532 1180 1574 suscipit,
1207 1533 1324 1566 edocet

738 1576 862 1619 quant&
888 1579 1063 1620 religione,
1090 1578 1190 1620 quam
1211 1582 1324 1613 severz’x

740 1625 849 1667 legum
883 1627 1082 1657 musicarum
1114 1626 1323 1660 observanti&

739 1673 862 1714 Apollo
875 1680 909 1704 et
922 1674 1027 1705 Diana
1042 1673 1084 1705 ab
1103 1675 1145 1706 iis
1159 1676 1323 1708 celebran-

740 1719 776 1750 di
790 1721 867 1753 sint.

788 1779 820 1809 9.
843 1767 951 1799 Deliae
974 1768 1078 1799 tutela
1092 1767 1174 1799 Deae
1188 1779 1198 1798 :
1218 1769 1323 1800 tutela

739 1814 864 1857 duplici
872 1826 982 1853 sensu,
992 1814 1082 1846 nunc
1090 1815 1323 1856 passivo‚nt1nc

741 1864 848 1894 activo
881 1863 1052 1904 accipitur.
1076 1865 1192 1894 Rerum
1220 1864 1323 1894 tutela

742 1921 909 1950 mearum‚·
927 1911 1030 1951 Epist.
1057 1912 1090 1948 Ι,
1115 1921 1128 1941 1
1144 1933 1153 1948 ,
1178 1912 1264 1948 1033
1285 1912 1321 1942 iu

741 1969 780 1989 eo
800 1958 894 1996 loco,
911 1958 1026 1989 active.
1048 1958 1110 1989 Hic
1132 1958 1257 2000 passive
1272 1968 1322 1989 ea·

740 2005 814 2036 dem
824 2015 891 2036 vox
904 2004 1134 2046 intelligenda3
1152 2015 1210 2036 vos
1220 2028 1229 2042 ‚
1247 2016 1322 2046 quae

741 2053 817 2083 estis
841 2052 902 2082 sub
926 2051 1028 2083 tutela
1055 2054 1179 2083 Dianae.
1199 2052 1321 2083 Diana·

742 2110 850 2130 sumus
862 2098 972 2143 infide
985 2099 1110 2130 Puellae
1126 2106 1158 2130 et
1162 2099 1260 2140 pueri
1272 2100 1321 2130 in-

739 2146 836 2189 tegr-z}
849 2146 967 2178 Catull.
976 2148 1103 2183 XXXI,
1115 2147 1150 2176 in
1160 2147 1322 2178 initio.—

743 2193 927 2225 Cohibentis
942 2204 954 2223 .·
979 2193 1043 2223 telo
1068 2193 1198 2235 figentis
1219 2195 1322 2224 inevi-

741 2240 853 2278 tabili,
873 2239 917 2271 ita
930 2248 968 2271 ut
979 2239 1090 2271 lethali
1115 2242 1182 2271 ictu
1199 2240 1322 2282 percul-

739 2288 780 2327 si,
794 2287 1031 2329 rapidissimum
1048 2298 1180 2318 cursum
1196 2288 1322 2327 sistant,
