1422 2528
160 104 204 134 86

546 105 586 143 Q.
611 103 793 134 nomm
818 103 970 135 FLAcct

367 162 532 196 Domum
549 169 662 209 atque
681 159 808 197 dulces
828 159 1002 211 liberos„
1312 173 1344 200 ᾰο

262 219 402 258 Sabina
420 220 559 269 qualis,
578 227 642 256 aut
661 229 815 269 perusta
835 219 981 258 solibus

368 280 532 316 Petnicis
550 291 649 316 uxor
666 280 827 329 Appuli,

259 342 416 377 Sacrum
434 339 589 376 vetustis
605 347 776 376 exstruat
789 340 900 389 lignis
915 340 1062 409 focum,

367 401 473 437 Lassi
494 399 564 436 sub
585 399 789 437 adventum
811 401 904 446 viri3

259 459 521 508 Claudensque
540 459 650 495 textis
673 459 839 497 cratibus
857 467 871 491 9
891 461 1017 502 laetum
1037 474 1172 511 pecus,
1309 473 1342 501 45

366 520 537 556 Distenta
556 519 670 556 siccet
688 519 824 566 ubera3

256 581 303 616 Et
324 578 447 615 horna
460 579 561 615 dulci
581 578 666 614 vina
685 591 861 627 promens
890 579 1015 625 dolio,

365 641 491 688 Dapes
511 638 696 688 inemptas
713 647 870 689 apparet
886 654 894 676 :

150 841 221 862 sum
235 841 335 871 usqne
345 832 584 872 sexagesimum,
598 833 666 862 Has
674 832 719 863 in-

151 886 199 908 ter
205 878 324 918 epulas,
335 884 394 908 etc.
406 878 621 915 continuatur,
629 880 719 917 cujus

148 924 223 954 ideo
248 935 374 954 sensum
394 924 502 964 paucis
530 926 718 965 restringere

148 970 278 1010 placuit.
295 969 393 1011 Qubd
421 971 463 1007 si,
484 971 590 1010 iuquit
614 971 718 1001 bonus

150 1016 202 1046 ille
231 1015 356 1052 Alfius,
386 1015 427 1045 ad
465 1026 500 1046 ea
537 1027 610 1056 quae
639 1027 716 1047 mox

148 1063 334 1092 enumeravi
351 1063 433 1092 bona
451 1062 485 1093 id
498 1062 654 1093 felicitatis
670 1073 717 1092 ac-

149 1108 240 1139 cedat
268 1107 306 1138 ui:
329 1109 406 1138 mihi
427 1108 617 1149 adjungatur
631 1119 716 1139 uxor

147 1154 274 1196 qualem
297 1165 372 1184 rure
398 1155 623 1185 tantummodo
643 1166 714 1195 spe-

147 1211 216 1231 rare
239 1201 330 1236 licet,
348 1200 478 1241 pudica,
503 1202 548 1230 rei
569 1201 715 1231 domesti-

147 1253 326 1279 cae‚attenta
338 1268 347 1283 ‚
359 1249 472 1277 marito
497 1257 556 1276 suo
581 1247 714 1278 salubri-

147 1294 196 1323 ter
218 1292 332 1323 alendo
347 1294 492 1334 natisque
508 1294 592 1323 recte
613 1293 713 1323 infor-

146 1339 268 1369 mandis
300 1339 490 1380 providem,
522 1338 598 1369 tunc
636 1340 715 1369 mihi

145 1385 321 1416 sordebunt
341 1386 436 1426 magis
457 1396 492 1414 ac
509 1385 604 1425 magis
625 1386 714 1415 urbis

143 1433 281 1468 deliciae,
298 1432 519 1472 superbusque
534 1442 713 1461 mensarum

144 1479 340 1524 urbanarum
379 1484 566 1518 apparatus»,
597 1478 714 1518 quibus

143 1524 240 1565 dapes
247 1524 405 1564 simplices
414 1530 444 1554 et
453 1525 609 1563 inemptas
621 1524 714 1564 longe

145 1571 351 1612 praetulerim.

191 1615 286 1648 Nunc
294 1615 433 1646 adverba
442 1615 621 1657 singulatim
629 1615 713 1645 evol-

144 1663 248 1694 venda
263 1662 438 1692 redeamus.
452 1679 499 1684 -—
510 1663 550 1691 In
562 1669 688 1702 purtem
699 1673 710 1691 .-

143 1716 228 1740 recte
249 1708 396 1750 quidem3
419 1718 487 1738 nou
503 1709 608 1738 omnia
626 1708 712 1738 enim

143 1757 251 1786 munia
279 1755 450 1785 domestica
479 1754 628 1785 feminam
657 1753 710 1784 de-

143 1809 228 1832 cent.
245 1819 293 1827 —.·
315 1803 406 1830 Juvet
437 1800 564 1830 domum
592 1813 601 1830 :
628 1810 712 1830 com-

142 1848 295 1878 munibus
312 1847 437 1876 familiae
448 1845 636 1884 commodis,
652 1857 710 1887 pro

141 1894 264 1924 viribus
281 1902 313 1924 et
332 1892 426 1923 sexus
439 1894 490 1923 sui
509 1892 710 1930 verecundia,

142 1941 304 1970 inserviat.
325 1956 372 1964 ·--
382 1940 499 1970 Dulces
515 1939 628 1970 liberos
641 1950 652 1969 :
668 1940 710 1968 si·

143 1987 183 2016 ve
204 1986 339 2016 infantes
369 1996 422 2016 eos
448 1985 615 2023 lactando,
644 1985 710 2015 sive

142 2038 232 2063 aetate
242 2031 398 2062 firmiores
413 2032 452 2062 ad
466 2042 585 2069 mores,
601 2030 640 2061 ad
650 2032 711 2061 vir·

143 2085 262 2117 tutem,
283 2077 324 2108 ad
344 2078 468 2108 labores
494 2078 577 2107 aetati
599 2088 710 2108 eorum

141 2121 302 2167 congruos
310 2124 521 2155 informando.
531 2141 577 2147 —
588 2123 709 2153 Sabina

140 2171 246 2212 qualis
274 2182 285 2201 .·
309 2171 530 2212 Appularum,
558 2169 709 2200 maxime-

774 843 835 874 que
860 833 1045 864 Sabinarum
1064 834 1233 865 mulierum
1252 836 1339 866 cesti-

772 886 836 917 tas,
853 879 1012 920 frugalitas
1025 902 1033 916 ‚
1056 880 1266 921 laborumque
1283 892 1337 922 pa-

772 927 880 955 tientia
894 925 1082 963 jamdudum
1101 933 1133 956 et
1148 927 1187 956 ab
1203 927 1337 958 exordio

771 973 882 1002 Romae
894 973 927 1001 in
940 973 1147 1012 proverbium
1158 975 1334 1011 transierat,

771 1024 849 1047 teste
858 1018 948 1048 Livio
962 1019 988 1055 Ι,
1007 1019 1058 1049 18.
1067 1018 1183 1050 Confer
1192 1019 1338 1059 pulcher-

768 1064 885 1092 rimum
894 1064 1231 1102 Statiilocum‚5ilv.v‚
1245 1075 1336 1103 1‚22,

768 1120 807 1138 ex
814 1110 870 1139 illo
878 1110 948 1140 loco
961 1111 1083 1140 Horatii
1092 1121 1335 1150 expressum.—

767 1157 901 1186 Per-usta
914 1155 1030 1186 solibus
1042 1167 1053 1186 .·
1066 1157 1156 1196 nigra
1169 1156 1334 1187 laboribus

767 1201 807 1230 ad
839 1202 936 1232 solem
979 1203 1144 1238 aesfivum,
1172 1203 1332 1243 praecipue

767 1248 917 1277 messium
940 1254 1100 1288 tempore,
1117 1247 1267 1279 toleratis.
1286 1266 1332 1272 —-

768 1295 899 1323 Sacrum
912 1294 1022 1334 focum
1039 1305 1050 1324 .-
1066 1293 1199 1324 deomm
1211 1293 1334 1324 domes-

767 1341 903 1370 ticorum
938 1340 1130 1380 imaginibus
1173 1350 1332 1371 cousecra-

767 1393 844 1416 tum.
858 1403 905 1409 ·—
919 1388 1076 1416 Exstruat
1085 1385 1183 1427 lignis
1195 1385 1310 1427 jocum
1320 1397 1332 1417 .·

767 1443 823 1472 per
852 1432 1034 1462 familiarem
1058 1431 1267 1472 scriptoribus
1287 1433 1331 1463 la·
1374 1424 1379 1431 '

769 1479 841 1507 tinis
863 1478 1075 1519 hypallagen,
1087 1488 1162 1518 pro,
1187 1485 1332 1508 exstruat

767 1523 858 1564 ligna
898 1534 993 1563 super
1014 1524 1140 1565 fimum.
1181 1524 1233 1555 Sic
1245 1546 1254 1566 ᾗ
1265 1524 1330 1557 Cio.

766 1570 894 1600 Tuscul.
915 1572 956 1606 V,
979 1581 1016 1599 21
1033 1572 1179 1601 :Mensae
1201 1571 1330 1612 conqui-

766 1615 920 1645 sitissimis
932 1615 1064 1656 dapibus
1073 1615 1328 1654 eaesmaebantur,·

765 1662 809 1691 sio
825 1669 855 1691 et
879 1661 974 1693 Ovid.
996 1664 1128 1693 Metam.
1155 1663 1218 1700 XI,
1239 1672 1327 1703 119:

766 1709 895 1739 Mensas
932 1706 1064 1748 posuere
1097 1707 1233 1739 ministri
1257 1709 1327 1738 Ea:-

764 1761 896 1785 struccas
910 1754 1052 1794 dapibus.
1243 1787 1246 1791 ,

810 1811 842 1841 9.
875 1801 984 1831 Τεωεῐε
1005 1799 1143 1830 cratibus
1155 1811 1175 1830 ·:
1203 1799 1327 1831 stabula

763 1854 870 1887 aperta
892 1847 1040 1888 intelligit
1061 1846 1078 1876 ὲ
1099 1847 1244 1876 vimineis
1258 1856 1325 1876 cra-

764 1893 851 1924 tibus
861 1899 1007 1923 contexta
1018 1892 1160 1934 (gallice,
1169 1893 1224 1922 des
1227 1903 1326 1932 pares

753 1938 879 1979 sorme's
912 1939 952 1968 de
976 1939 1075 1969 claies
1083 1938 1106 1979 ).
1134 1955 1180 1963 --
1202 1940 1326 1968 Loeeum

759 1996 880 2025 pecus:
905 1983 1070 2015 luxurians
1093 1984 1325 2025 subsiliensque

763 2031 802 2060 ad
834 2031 952 2061 bonam
990 2031 1131 2071 corporis
1165 2029 1326 2060 habitudi-

762 2088 846 2111 nem.
874 2094 921 2100 -—
948 2076 1048 2107 Siceec
1070 2087 1081 2107 :
1109 2075 1257 2117 mulgeat.
1278 2094 1326 2103 ...-

763 2125 879 2154 Horma
895 2123 979 2153 vina
991 2134 1002 2153 .·
1019 2123 1092 2153 vina
1111 2121 1222 2152 eodem
1239 2133 1324 2152 auno

762 2170 922 2208 confecta,
933 2180 998 2210 quo
1015 2169 1239 2200 bibuntur.—
1255 2168 1323 2199 Da·
