1422 2528
143 126 207 158 144
228 95 235 114 Ι

522 125 563 164 Q.
588 124 772 179 Honfrrn
795 124 943 157 FLACCI

139 181 261 218 Mirus
279 194 398 229 amor,
421 182 530 231 juvet
551 192 592 220 ut
611 183 726 233 tigres
745 184 942 232 subsidere
958 186 1101 233 cervis,

244 238 492 278 Adulteretur
512 251 548 279 et
565 242 740 280 columba
755 245 898 291 milii03

139 299 303 336 Credula
316 313 385 337 nec
404 300 521 337 ssavos
537 301 692 338 timeant
710 312 879 340 armenta
902 304 1051 351 leones,

243 362 431 408 Ametque
445 361 540 396 salsa
556 361 658 398 laevis
673 360 802 399 hircus
817 376 982 412 aequora.

141 419 247 465 Haec,
267 426 304 453 et
320 432 404 468 quae
423 427 603 468 poterunt
619 420 762 458 reditus
778 421 1000 460 abscindere
1013 422 1160 469 dulces,
1291 432 1323 457 3⁵

246 480 382 514 Eamus
403 478 523 515 omnis
539 489 730 518 exsecrata
745 482 876 519 civitas
894 489 940 528 ¹03

140 540 216 575 Aut
237 551 324 587 pars
341 538 493 574 indocili
510 540 644 576 melior
658 553 788 590 grege,
804 542 923 579 mollis
937 551 974 579 et
993 554 1126 592 exspes

244 598 457 635 Inominata
474 600 682 649 perprimat
702 601 853 638 cubilia.

139 659 236 705 Vos,
256 658 395 708 quibus
409 668 464 695 est
482 660 622 707 virtus,
638 661 862 698 muliebrem
880 662 999 699 tollite
1020 663 1182 710 luctum,

245 721 402 756 Etrusca
420 720 557 768 praeter
573 730 611 757 et
630 722 753 758 volate
770 722 896 759 littora
910 729 951 758 ¹¹.
1293 735 1325 761 4ο

139 780 218 815 Nos
232 788 357 816 manet
374 781 547 817 Oceanus
566 780 843 832 circumvagas3
861 795 970 830 arva,
985 782 1097 820 beata

141 959 252 1001 suapte
277 958 407 998 naturai,
432 960 487 991 sed
513 963 642 993 relative
667 964 707 994 ad

142 1015 255 1036 novam
273 1007 360 1037 illam
384 1007 564 1046 libidinem,
591 1009 630 1038 ad
648 1010 706 1039 mi-

141 1062 210 1081 rum
236 1063 376 1083 amorem
403 1064 468 1094 quo
490 1054 626 1095 disparia
645 1055 708 1085 dis-

141 1097 271 1139 paribus
307 1099 499 1140 junguntur.
526 1118 572 1124 —·
605 1101 708 1131 Subsi-

141 1143 217 1173 dere
235 1154 247 1173 .·
265 1155 435 1175 venereum
458 1147 650 1177 vocabulum
669 1154 708 1177 ut

140 1189 276 1230 passim,
305 1191 524 1229 succumbere,
559 1200 595 1223 ut
622 1191 707 1234 apud

141 1235 332 1277 Virgilium,
349 1237 545 1276 AEneid.V1,
563 1245 619 1275 24;
639 1250 709 1279 sup-

138 1288 296 1323 postaque
304 1280 402 1322 furto
418 1284 589 1324 Pasiphae,
600 1303 646 1308 —
659 1286 708 1315 Ti-

139 1338 213 1370 gres
226 1339 238 1358 :
251 1328 321 1366 hic,
338 1329 495 1359 foeminini
513 1333 648 1372 generis.
663 1349 710 1356 —-

142 1373 349 1404 Adultera-eur
369 1382 402 1404 et
418 1377 562 1406 columba
579 1378 675 1407 miliia
698 1390 710 1408 :

141 1418 207 1450 fide
233 1431 329 1460 quam
354 1424 496 1461 compari
529 1428 632 1453 servat
655 1434 709 1454 co-

142 1465 251 1496 lumba
266 1465 458 1506 percelebris
479 1475 543 1505 est,
560 1469 645 1499 unde
661 1480 711 1500 co-

142 1511 260 1542 lumbae
285 1519 316 1541 et
344 1519 485 1543 turtures
517 1515 710 1556 conjugibus

142 1557 243 1587 veluti
272 1558 463 1598 exemplaria
497 1563 637 1600 proponi
662 1572 711 1592 so-

142 1603 225 1641 lent;
245 1603 403 1644 eleganter
427 1603 527 1645 igitur
543 1617 609 1636 non
624 1608 707 1646 vim,

143 1659 211 1679 non
234 1655 382 1689 stuprum
408 1652 493 1690 pati,
522 1651 578 1682 sed
601 1663 710 1683 verum

144 1695 310 1725 admittere
339 1695 549 1735 adulterium,
584 1699 627 1736 si,
659 1699 710 1730 vel

144 1748 271 1779 coacta,
295 1751 367 1771 cum
387 1742 448 1772 alio
465 1750 564 1773 coeat.
578 1760 625 1767 —
636 1740 707 1774 ‘zae-

143 1787 187 1818 vis
210 1786 312 1816 hircus
331 1798 342 1816 .·
356 1787 464 1818 hircus
479 1795 558 1818 setas
572 1789 710 1830 hispidas

143 1833 278 1871 oblitus,
302 1840 333 1863 et
359 1834 493 1864 Iaevibus
520 1838 706 1875 squammis,

143 1879 277 1921 piscium
292 1879 403 1916 instar,
419 1879 589 1911 obductus.

195 1935 244 1956 10.
261 1926 340 1954 Haec
363 1934 532 1956 exsecrata
561 1927 669 1958 civitas
697 1939 710 1958 .·

144 1969 314 2012 postquam
346 1971 462 2002 talibus
487 1975 709 2004 exsecrationi-

144 2017 205 2047 bus
221 2026 286 2046 sese
298 2017 526 2049 obstrinxerit:
546 2030 610 2049 vox
627 2019 706 2057 haec,

144 2061 162 2093 ὲ
182 2061 282 2094 verbo
301 2072 491 2100 exsecrata,
516 2066 647 2107 regitur.
663 2080 714 2090 —1

145 2108 276 2140 Reditus
306 2109 414 2140 dulces
437 2121 449 2140 :
474 2110 600 2149 dulces,
624 2112 712 2152 quod

145 2155 297 2186 memoria
319 2157 439 2186 amissae
456 2158 565 2198 patriae
589 2158 712 2199 semper

140 2201 268 2240 ffllcis,
299 2202 526 2245 qualicumque
553 2203 592 2234 de
619 2202 712 2234 causa

761 965 869 995 amissa
895 964 945 995 sit.
967 982 1014 988 --
1039 966 1149 996 Omnis
1168 967 1237 996 Aut
1251 976 1330 1006 pars

761 1011 897 1041 indocili
911 1011 1023 1041 melior
1026 1022 1125 1054 grege
1139 1022 1152 1042 .·
1163 1019 1200 1042 ut
1213 1011 1325 1053 supra,

760 1068 791 1088 v.
822 1058 880 1094 15,
897 1058 1119 1094 communiter,
1142 1065 1201 1088 aut
1216 1058 1331 1088 melior

756 1114 844 1143 pars.
868 1103 1003 1144 Gregem
1031 1104 1138 1134 autem
1167 1104 1225 1145 per
1253 1114 1328 1134 con-

761 1155 914 1190 temptum
925 1157 1018 1180 vocat
1030 1159 1083 1180 eos
1095 1151 1161 1190 qui,
1171 1150 1237 1180 suis
1255 1160 1328 1180 con-

760 1195 838 1224 siliis
874 1195 1045 1231 indociles,
1085 1202 1203 1226 sortem
1236 1205 1328 1226 suam

761 1251 835 1270 cum
855 1241 991 1282 egregiis
1006 1242 1173 1283 transfugis
1186 1251 1329 1272 commu-

762 1288 870 1317 nicare
895 1287 1098 1318 recusabunt.
1121 1304 1169 1311 —-
1193 1286 1303 1318 Mollis
1317 1298 1330 1316 .-

763 1332 878 1362 natura
903 1332 960 1363 sua
990 1334 1141 1374 ignavus3
1176 1332 1259 1364 refer
1286 1332 1328 1363 ad

762 1388 899 1418 gregem.
921 1395 967 1402 ·—
987 1380 1113 1419 Eoespes
1136 1390 1148 1409 .·
1166 1380 1223 1420 qni
1238 1380 1329 1420 igno-

762 1424 821 1454 bili
843 1425 983 1455 melioris
1011 1425 1203 1456 conditionis
1221 1424 1329 1465 despe-

763 1471 887 1500 ratione
906 1471 986 1503 nihil
1009 1471 1048 1501 ad
1066 1469 1287 1512 emergendum
1310 1470 1330 1500 ὲ

762 1516 859 1546 rebus
881 1517 1012 1557 perditis
1028 1523 1148 1547 tentare
1162 1515 1268 1547 audet.
1282 1531 1330 1539 ·-—

762 1561 949 1592 Inominata
971 1562 1154 1603 perprimat
1177 1561 1295 1593 cubilia
1317 1573 1330 1592 .-

762 1608 912 1637 infaustas
929 1615 960 1638 et
974 1610 1030 1638 irae
1045 1610 1187 1639 Deorum
1200 1608 1329 1639 devotas

763 1653 875 1693 domos
901 1664 1057 1694 occupare
1081 1661 1200 1695 pergat.
1230 1653 1329 1686 Recte

762 1699 879 1730 cubilia
888 1721 899 1735 ,
934 1700 1053 1741 quippe
1080 1710 1154 1740 quae
1183 1699 1202 1731 ὲ
1228 1710 1328 1742 grege

757 1745 1006 1786 perprimancur.

811 1801 824 1820 1
835 1802 847 1821 1
855 1814 863 1821 .
879 1793 1021 1822 Etrusca
1030 1791 1150 1831 proeeer
1169 1798 1201 1822 et
1213 1791 1328 1822 volate

763 1835 896 1872 littora:
912 1844 943 1867 et
959 1848 1045 1868 mare
1060 1837 1264 1878 Tyrrhenum
1280 1837 1328 1867 in-

763 1883 878 1923 gressi,
909 1882 1019 1913 versus
1050 1885 1212 1914 Oceanum
1241 1883 1328 1912 navi-

763 1935 843 1969 gate.
862 1945 908 1951 —
925 1927 1146 1970 Circumvagus
1161 1939 1174 1958 .·
1190 1929 1247 1970 qui
1264 1935 1328 1958 ter-

762 1984 829 2004 ram
845 1974 1056 2015 undequaque
1071 1975 1186 2011 ambit,
1200 1984 1258 2014 per
1271 1983 1329 2015 op·

761 2021 952 2060 positionem
965 2031 1038 2051 cum
1052 2021 1131 2050 mari
1143 2019 1328 2050 Mediterra-

762 2058 824 2096 neo
833 2066 919 2107 quod
931 2067 1074 2097 relicturi
1086 2073 1172 2103 sunt;
1183 2065 1263 2096 male
1271 2066 1329 2106 igi-

765 2109 817 2141 tur
847 2122 921 2142 cum
954 2123 1033 2142 voce
1061 2122 1156 2149 arva,
1183 2122 1254 2153 quae
1277 2121 1328 2142 se-

764 2158 893 2198 quitur,
933 2158 1082 2197 nonnum
1125 2168 1237 2189 vocem
1273 2155 1330 2187 cir-

765 2213 950 2245 cumvagus,
973 2207 1190 2243 conuectum,
1202 2202 1329 2246 legunt-
