1422 2528
131 135 192 175 198

512 137 553 175 Q.
577 134 761 166 HortAcru
787 133 936 165 FLAcm

129 193 253 237 Voce,
267 189 382 228 modo
395 191 467 228 hac
479 222 487 235 ‚
506 200 658 229 resonat
677 205 761 241 quae
781 191 933 228 chordis
953 198 1118 241 quatuor
1132 189 1219 227 ima.

131 251 194 290 Nil
212 253 355 301 aequale
370 251 515 288 homini
533 252 603 288 fuit
619 252 671 288 illi
691 260 723 298 ²3
743 264 842 301 saepe
859 252 960 289 velut
977 250 1044 301 qui

133 311 320 349 Currebat
336 312 482 361 fugiens
501 310 667 357 hostem,
682 313 850 361 persaepe
870 312 972 348 velut
989 311 1056 360 qui
1251 307 1255 310 ⁴
1286 325 1317 343 1⁰

132 371 292 409 sunonis
313 383 418 407 sacra
433 370 558 407 ferret.
574 369 749 407 Habebat
767 372 866 421 saepe
881 371 1082 416 ducentos,

137 432 245 482 Saepe
263 431 394 468 decem
409 443 550 468 servos.
569 429 687 468 Modo
705 444 812 481 reges
832 440 946 480 atque
964 429 1173 468 tetrarchas
1191 429 1226 478 ³,

138 492 277 531 Omnia
293 504 426 540 magna
442 488 618 540 loquens,
638 489 752 527 modo
769 504 777 526 :
792 507 807 524 «
820 491 876 529 Sit
892 490 985 527 mihi
997 503 1125 527 mensa
1138 489 1267 540 tripes,
1281 496 1319 526 et

139 570 153 585 υ
171 551 326 590 Concha
345 551 430 587 salis
446 551 552 600 puri,
571 559 608 587 et
629 558 716 599 toga
733 563 817 600 quae
837 549 1040 587 defendere
1058 550 1195 599 frigus,
1248 559 1253 564 ·

138 629 154 646 2,
175 609 358 658 Quamvis
375 622 518 656 crassa,
539 618 690 659 queat.»
711 610 845 647 Decies
864 619 1020 647 centena
1042 609 1208 647 dedisses
1236 607 1253 637 4
1294 615 1323 641 1⁵

141 671 241 710 Huic
257 683 390 721 pareo,
411 670 540 720 paucis
557 678 753 716 contei‘1t03
769 669 935 719 quinque
952 668 1086 706 diebus

140 732 204 770 Nil
224 740 305 768 erat
321 731 359 766 in
375 730 519 768 loculis.
535 732 674 767 Noctes
690 728 870 779 vigilabat
889 728 938 765 ad
956 730 1080 779 ipsum

141 795 274 836 Mane,
292 790 392 827 diem
407 797 530 827 totum
550 789 743 826 stertebat.
763 789 826 826 Nil
846 789 917 826 fuit
932 792 1112 839 umquam

144 849 206 889 Sic
222 850 344 900 impar
362 848 449 887 sibi.
470 851 580 887 Nilne
595 849 729 898 aliquis
745 848 846 886 dicat
863 847 957 886 mihi
974 861 982 884 :
1001 864 1016 882 «
1034 847 1137 895 Quid
1155 848 1222 886 tu?

142 1055 187 1085 lio
198 1054 460 1085 citatae.—Mod‹·›
473 1052 598 1084 summc‘z'
609 1056 692 1085 Voce
704 1065 714 1084 .·

147 1099 296 1142 (gallice,
317 1112 356 1131 en
366 1101 498 1142 faisant
520 1101 551 1131 Ie
573 1101 682 1131 dessus
691 1101 714 1141 ).

147 1165 193 1171 -
226 1147 324 1176 Mod&
361 1145 437 1184 Ιιᾶε,
477 1155 608 1178 resonat
643 1158 716 1188 quoe

148 1192 274 1224 chordis
301 1201 439 1234 quatuor
471 1193 538 1223 ima
574 1205 585 1223 .·
619 1193 716 1223 modo

150 1250 230 1270 voce
265 1241 352 1280 gravi
382 1247 413 1269 et
447 1238 593 1280 depressa
602 1262 612 1276 ,
646 1250 717 1280 quae

147 1285 320 1327 respondet
334 1285 462 1316 chordae
473 1286 663 1327 gravissimae
671 1287 720 1316 in-

150 1332 320 1362 strumenti
342 1334 395 1362 cui
417 1343 537 1363 nomeu
562 1343 720 1374 graecum,

151 1374 373 1421 τετράχορδὸν.

199 1435 230 1455 2.
264 1425 324 1455 Νἰί
349 1425 476 1465 aequale
505 1423 628 1455 homini
653 1423 723 1466 filit

154 1469 203 1500 illi
216 1481 227 1500 :
238 1471 319 1500 nihil
329 1478 395 1501 erat
409 1471 538 1502 homine
550 1472 607 1502 illo
621 1471 724 1501 levius

154 1522 187 1546 et
197 1518 442 1548 inconstantius.
450 1534 497 1540 —
506 1517 645 1559 Fugiens
657 1516 725 1547 kos-

155 1569 218 1593 tem
248 1574 258 1593 :
284 1563 323 1592 de
353 1563 444 1593 hoste
471 1563 617 1604 loquitur
641 1565 724 1593 inse-

155 1615 274 1650 quente
296 1616 326 1638 et
339 1616 475 1639 mortem
490 1611 667 1641 minitante.
680 1627 725 1634 -—-

157 1657 190 1684 V
187 1656 252 1686 eliac
260 1654 316 1696 qui
321 1655 458 1685 Iunonis
465 1655 665 1697 sacrafirree
671 1666 682 1685 .·
691 1656 726 1686 in

158 1702 309 1732 omnibus
324 1702 437 1740 saeris,
454 1703 509 1742 qui
528 1701 579 1732 dei
593 1709 647 1732 aut
660 1702 727 1732 deae

158 1748 292 1787 alicujus
304 1746 439 1789 effigiem
449 1748 628 1789 gestabant,
639 1748 728 1778 lento

160 1794 280 1835 gradu,
303 1793 341 1823 ad
365 1795 517 1832 majorem
539 1804 665 1836 pompae
682 1793 729 1824 di-

163 1842 313 1882 gnitatem
330 1840 563 1880 procedebant;
579 1840 635 1870 sed
651 1849 729 1881 prae-

161 1887 269 1917 sertim
278 1887 313 1916 in
321 1886 517 1916 solemnibus
525 1888 545 1916 J
549 1887 687 1924 unoniis,
694 1887 730 1916 in

164 1932 283 1973 quibus
300 1932 403 1963 honos
417 1932 595 1963 habebatur
616 1934 732 1974 reginae

163 1978 292 2015 divum,
306 1979 398 2008 Jovis
415 1979 546 2020 conjugi
563 1986 594 2010 et
607 1981 719 2010 sorori.

214 2025 245 2055 3.
266 2024 455 2054 Tecrarclzas
481 2035 492 2054 :
517 2025 563 2055 sic
587 2026 733 2055 nomina-

166 2071 283 2102 bantur
307 2073 425 2101 summi
452 2081 637 2112 magnarum
661 2081 735 2112 pro-

170 2118 345 2148 vinciarum
359 2117 553 2155 administri,
567 2119 624 2159 qui
642 2127 735 2158 quar·

170 2170 234 2194 tam
256 2173 411 2204 supremae
438 2163 570 2194 ditionis
594 2170 734 2204 partem,

168 2211 230 2252 ipsi
244 2209 371 2253 regibus
385 2209 504 2242 subditi
513 2232 522 2250 ‚
537 2210 735 2243 obtinebant.

767 1055 939 1085 —Mensa
955 1054 1050 1097 tripes
1065 1067 1077 1086 .·
1091 1057 1243 1098 simplex,
1259 1068 1334 1100 qua-

767 1101 831 1131 lem
849 1108 957 1131 narrat
973 1102 1112 1133 Ovidius
1136 1103 1232 1135 fuisse
1247 1115 1333 1135 men-

769 1157 834 1177 sam
851 1147 1043 1178 Philemonis
1059 1155 1090 1178 et
1110 1149 1264 1182 Baucidis.
1289 1167 1335 1173 ——-

773 1191 900 1223 Concha
920 1194 997 1224 salis
1016 1194 1093 1234 puri
1106 1205 1117 1224 :
1143 1206 1210 1226 nou
1230 1196 1335 1237 splen-

770 1238 881 1269 didum
899 1241 1052 1277 salinum,
1079 1241 1096 1271 ὸ
1118 1243 1259 1282 pretioso
1274 1250 1338 1273 me-

771 1285 847 1315 tallo
881 1287 1062 1317 confectum
1073 1309 1082 1325 ,
1113 1287 1169 1318 sed
1202 1289 1339 1331 vulgaris

773 1338 852 1362 testa
866 1338 898 1362 et
911 1333 1032 1363 nullius
1048 1335 1152 1374 pretii.

822 1384 853 1414 4.
879 1378 994 1409 Decies
1012 1386 1150 1410 centena
1169 1381 1308 1412 dedisses
1329 1393 1340 1413 :

775 1423 909 1455 subaud.
951 1426 1106 1458 sestertia.
1140 1428 1215 1458 Duo
1251 1435 1341 1459 eraut

776 1471 995 1501 sestertiorum
1042 1482 1171 1512 genera,
1218 1484 1339 1514 unum,

776 1516 867 1557 quod
893 1518 929 1546 in
960 1517 1136 1550 masculino
1165 1519 1230 1550 fere
1259 1530 1342 1550 sem-

776 1562 834 1603 per
853 1570 1035 1603 usurpatur,
1062 1572 1257 1608 vocaturque
1278 1577 1341 1597 ses-

777 1606 884 1638 tertius
894 1620 907 1645 ;
921 1609 1064 1647 alterum,
1084 1610 1216 1651 quod'in
1226 1619 1342 1644 neutro

778 1653 960 1692 adhibetur,
976 1657 1224 1700 nominaturque
1237 1665 1345 1690 sester-

780 1699 870 1731 tium.
887 1701 985 1731 Porro
1003 1704 1180 1734 sestertium
1195 1714 1345 1747 magnum

779 1746 866 1776 mille
874 1749 1032 1778 sestertios
1039 1751 1293 1790 repraesentabat,
1304 1758 1346 1790 et,

780 1792 904 1833 quoties
926 1793 1128 1834 subauditur,
1161 1803 1198 1827 ut
1223 1798 1257 1827 in
1284 1796 1347 1828 hoc

780 1839 871 1876 loco,
886 1849 1035 1880 maguum
1054 1843 1233 1872 sestertium
1255 1843 1347 1874 intel-

784 1885 840 1926 ligi
859 1884 960 1916 decet.
977 1887 1056 1918 Cum
1075 1886 1174 1929 igitur
1187 1890 1348 1920 sestertius

786 1931 866 1962 duos
884 1931 901 1961 ὸ
919 1934 1035 1963 nostris
1056 1933 1176 1964 assibus
1203 1934 1347 1977 (gallice,

786 1978 872 2008 deux
908 1987 980 2008 sous
996 1978 1009 2019 )
1048 1987 1202 2020 aequaret,
1237 1988 1349 2012 sester-

786 2025 866 2054 tium
884 2023 968 2054 idem
991 2024 1055 2055 fere
1071 2025 1154 2056 valet
1170 2036 1208 2057 ao
1221 2033 1350 2059 centum

786 2077 903 2101 nostrae
915 2078 1051 2102 mouetae
1068 2071 1159 2102 librae
1173 2073 1186 2115 (
1201 2083 1262 2105 too
1277 2073 1350 2116 fi.)

787 2117 872 2158 Ergo
884 2115 988 2147 decies
1009 2123 1157 2157 centena,
1179 2121 1247 2151 sive
1264 2119 1350 2153 mille

788 2164 931 2194 sestertia
945 2173 1098 2194 summam
1112 2163 1258 2197 efficiunt
1275 2175 1349 2198 cen—

790 2209 849 2242 ties
864 2209 950 2242 mille
960 2209 1114 2243 librarum
1126 2210 1350 2257 (roo‚ooofi·.)
