<?xml version="1.0" encoding="UTF-8"?>
<!DOCTYPE html PUBLIC "-//W3C//DTD XHTML 1.0 Transitional//EN"
    "http://www.w3.org/TR/xhtml1/DTD/xhtml1-transitional.dtd">
<html xmlns="http://www.w3.org/1999/xhtml" xml:lang="en" lang="en">
 <head>
  <title>
</title>
<meta http-equiv="Content-Type" content="text/html;charset=utf-8" />
  <meta name='ocr-system' content='tesseract 3.04.00' />
  <meta name='ocr-capabilities' content='ocr_page ocr_carea ocr_par ocr_line ocrx_word'/>
</head>
<body>
  <div class='ocr_page' id='page_1' title='image "./quintushoratiusf02horauoft_0332.png"; bbox 0 0 1422 2528; ppageno 0'>
   <div class='ocr_carea' id='block_1_1' title="bbox 146 128 212 157">
    <p class='ocr_par' dir='ltr' id='par_1_1' title="bbox 146 128 212 157">
     <span class='ocr_line' id='line_1_1' title="bbox 146 128 212 157; baseline 0.015 -9"><span class='ocrx_word' id='word_1_1' title='bbox 146 128 212 157; x_wconf 80' lang='lat'>270</span> 
     </span>
    </p>
   </div>
   <div class='ocr_carea' id='block_1_2' title="bbox 775 60 791 67">
    <p class='ocr_par' dir='ltr' id='par_1_2' title="bbox 775 60 791 67">
     <span class='ocr_line' id='line_1_2' title="bbox 775 60 791 67; baseline 0 0"><span class='ocrx_word' id='word_1_2' title='bbox 775 60 791 67; x_wconf 60' lang='grc' dir='ltr'><em>κ</em></span> 
     </span>
    </p>
   </div>
   <div class='ocr_carea' id='block_1_3' title="bbox 522 114 951 156">
    <p class='ocr_par' dir='ltr' id='par_1_3' title="bbox 522 114 951 156">
     <span class='ocr_line' id='line_1_3' title="bbox 522 114 951 156; baseline -0.009 -8"><span class='ocrx_word' id='word_1_3' title='bbox 522 117 568 156; x_wconf 83' lang='lat' dir='ltr'>Q.</span> <span class='ocrx_word' id='word_1_4' title='bbox 592 114 777 146; x_wconf 69' lang='lat' dir='ltr'>noaA‘rn</span> <span class='ocrx_word' id='word_1_5' title='bbox 799 114 951 146; x_wconf 74' lang='lat' dir='ltr'>FLAccr</span> 
     </span>
    </p>
   </div>
   <div class='ocr_carea' id='block_1_4' title="bbox 133 170 1339 580">
    <p class='ocr_par' dir='ltr' id='par_1_4' title="bbox 150 170 1090 220">
     <span class='ocr_line' id='line_1_4' title="bbox 150 170 1090 220; baseline -0.004 -9"><span class='ocrx_word' id='word_1_6' title='bbox 150 174 315 212; x_wconf 84' lang='lat' dir='ltr'>Difficile</span> <span class='ocrx_word' id='word_1_7' title='bbox 333 180 370 210; x_wconf 91' lang='lat' dir='ltr'>et</span> <span class='ocrx_word' id='word_1_8' title='bbox 388 171 548 219; x_wconf 87' lang='lat' dir='ltr'>mirum,</span> <span class='ocrx_word' id='word_1_9' title='bbox 571 171 723 208; x_wconf 86' lang='lat' dir='ltr'>Rhodio</span> <span class='ocrx_word' id='word_1_10' title='bbox 739 170 844 220; x_wconf 88' lang='lat' dir='ltr'>quod</span> <span class='ocrx_word' id='word_1_11' title='bbox 860 170 1090 208; x_wconf 85' lang='lat' dir='ltr'>Pitholeonti</span> 
     </span>
    </p>

    <p class='ocr_par' dir='ltr' id='par_1_5' title="bbox 133 230 1339 463">
     <span class='ocr_line' id='line_1_5' title="bbox 151 230 1169 284; baseline -0.004 -12"><span class='ocrx_word' id='word_1_12' title='bbox 151 235 343 284; x_wconf 80' lang='lat' dir='ltr'>Contigit?</span> <span class='ocrx_word' id='word_1_13' title='bbox 356 256 408 262; x_wconf 85' lang='lat'>-—</span> <span class='ocrx_word' id='word_1_14' title='bbox 427 235 477 270; x_wconf 87' lang='lat' dir='ltr'>At</span> <span class='ocrx_word' id='word_1_15' title='bbox 494 244 620 269; x_wconf 86' lang='lat' dir='ltr'>sermo</span> <span class='ocrx_word' id='word_1_16' title='bbox 635 231 764 281; x_wconf 66' lang='lat' dir='ltr'>lingua</span> <span class='ocrx_word' id='word_1_17' title='bbox 785 230 992 267; x_wconf 90' lang='lat' dir='ltr'>concinnus</span> <span class='ocrx_word' id='word_1_18' title='bbox 1007 231 1169 280; x_wconf 68' lang='lat' dir='ltr'>uti-Aque</span> 
     </span>
     <span class='ocr_line' id='line_1_6' title="bbox 151 290 1234 340; baseline -0.004 -8"><span class='ocrx_word' id='word_1_19' title='bbox 151 295 315 333; x_wconf 84' lang='lat' dir='ltr'>Suavior</span> <span class='ocrx_word' id='word_1_20' title='bbox 333 303 373 340; x_wconf 86' lang='lat'>¹¹,</span> <span class='ocrx_word' id='word_1_21' title='bbox 389 301 432 330; x_wconf 90' lang='lat' dir='ltr'>ut</span> <span class='ocrx_word' id='word_1_22' title='bbox 448 292 545 330; x_wconf 88' lang='lat' dir='ltr'>Chio</span> <span class='ocrx_word' id='word_1_23' title='bbox 565 299 655 328; x_wconf 85' lang='lat' dir='ltr'>nota</span> <span class='ocrx_word' id='word_1_24' title='bbox 669 291 701 328; x_wconf 87' lang='lat' dir='ltr'>si</span> <span class='ocrx_word' id='word_1_25' title='bbox 718 290 914 327; x_wconf 85' lang='lat' dir='ltr'>commista</span> <span class='ocrx_word' id='word_1_26' title='bbox 929 290 1079 327; x_wconf 83' lang='lat' dir='ltr'>Falerni</span> <span class='ocrx_word' id='word_1_27' title='bbox 1097 299 1166 328; x_wconf 85' lang='lat' dir='ltr'>est.</span> <span class='ocrx_word' id='word_1_28' title='bbox 1181 310 1234 319; x_wconf 90' lang='lat'>--</span> 
     </span>
     <span class='ocr_line' id='line_1_7' title="bbox 150 351 1339 401; baseline -0.003 -9"><span class='ocrx_word' id='word_1_29' title='bbox 150 357 247 392; x_wconf 77' lang='lat' dir='ltr'>Cum</span> <span class='ocrx_word' id='word_1_30' title='bbox 264 366 396 391; x_wconf 85' lang='lat' dir='ltr'>versus</span> <span class='ocrx_word' id='word_1_31' title='bbox 414 353 527 389; x_wconf 84' lang='lat' dir='ltr'>facias</span> <span class='ocrx_word' id='word_1_32' title='bbox 544 359 592 398; x_wconf 75' lang='lat'>¹²,</span> <span class='ocrx_word' id='word_1_33' title='bbox 612 351 773 400; x_wconf 86' lang='lat' dir='ltr'>teipsum</span> <span class='ocrx_word' id='word_1_34' title='bbox 790 358 1006 401; x_wconf 86' lang='lat' dir='ltr'>percontor,</span> <span class='ocrx_word' id='word_1_35' title='bbox 1024 363 1072 387; x_wconf 89' lang='lat' dir='ltr'>an</span> <span class='ocrx_word' id='word_1_36' title='bbox 1089 358 1127 388; x_wconf 91' lang='lat' dir='ltr'>et</span> <span class='ocrx_word' id='word_1_37' title='bbox 1140 352 1228 388; x_wconf 74' lang='lat' dir='ltr'>ciun</span> <span class='ocrx_word' id='word_1_38' title='bbox 1308 358 1339 383; x_wconf 79' lang='lat'>²⁵</span> 
     </span>
     <span class='ocr_line' id='line_1_8' title="bbox 133 409 1055 463; baseline -0.005 -12"><span class='ocrx_word' id='word_1_39' title='bbox 133 417 259 455; x_wconf 37' lang='lat' dir='ltr'>sDura</span> <span class='ocrx_word' id='word_1_40' title='bbox 281 413 349 450; x_wconf 88' lang='lat' dir='ltr'>tibi</span> <span class='ocrx_word' id='word_1_41' title='bbox 369 411 584 463; x_wconf 80' lang='lat' dir='ltr'>peragenda</span> <span class='ocrx_word' id='word_1_42' title='bbox 601 411 659 448; x_wconf 86' lang='lat' dir='ltr'>rei</span> <span class='ocrx_word' id='word_1_43' title='bbox 677 412 724 448; x_wconf 89' lang='lat' dir='ltr'>sit</span> <span class='ocrx_word' id='word_1_44' title='bbox 738 423 850 448; x_wconf 82' lang='lat' dir='ltr'>causa</span> <span class='ocrx_word' id='word_1_45' title='bbox 867 409 991 447; x_wconf 80' lang='lat' dir='ltr'>Petilli</span> <span class='ocrx_word' id='word_1_46' title='bbox 1007 409 1055 457; x_wconf 76' lang='lat'>¹³,</span> 
     </span>
    </p>

    <p class='ocr_par' dir='ltr' id='par_1_6' title="bbox 153 470 1064 522">
     <span class='ocr_line' id='line_1_9' title="bbox 153 470 1064 522; baseline -0.003 -11"><span class='ocrx_word' id='word_1_47' title='bbox 153 474 302 512; x_wconf 70' lang='lat' dir='ltr'>Scilicet</span> <span class='ocrx_word' id='word_1_48' title='bbox 321 473 461 510; x_wconf 88' lang='lat' dir='ltr'>oblitus</span> <span class='ocrx_word' id='word_1_49' title='bbox 485 470 694 522; x_wconf 88' lang='lat' dir='ltr'>patriaeque</span> <span class='ocrx_word' id='word_1_50' title='bbox 719 470 931 520; x_wconf 83' lang='lat' dir='ltr'>patrisque,</span> <span class='ocrx_word' id='word_1_51' title='bbox 947 470 1064 508; x_wconf 76' lang='lat' dir='ltr'>latine</span> 
     </span>
    </p>

    <p class='ocr_par' dir='ltr' id='par_1_7' title="bbox 153 529 1089 580">
     <span class='ocr_line' id='line_1_10' title="bbox 153 529 1089 580; baseline -0.002 -10"><span class='ocrx_word' id='word_1_52' title='bbox 153 534 247 570; x_wconf 68' lang='lat' dir='ltr'>Csim</span> <span class='ocrx_word' id='word_1_53' title='bbox 266 531 402 570; x_wconf 87' lang='lat' dir='ltr'>Pedius</span> <span class='ocrx_word' id='word_1_54' title='bbox 417 543 548 568; x_wconf 88' lang='lat' dir='ltr'>causas</span> <span class='ocrx_word' id='word_1_55' title='bbox 565 529 724 568; x_wconf 79' lang='lat' dir='ltr'>exsudet</span> <span class='ocrx_word' id='word_1_56' title='bbox 745 529 959 579; x_wconf 87' lang='lat' dir='ltr'>Publicola,</span> <span class='ocrx_word' id='word_1_57' title='bbox 976 538 1089 580; x_wconf 87' lang='lat' dir='ltr'>atque</span> 
     </span>
    </p>
   </div>
   <div class='ocr_carea' id='block_1_5' title="bbox 154 726 738 2257">
    <p class='ocr_par' dir='ltr' id='par_1_8' title="bbox 154 726 730 1240">
     <span class='ocr_line' id='line_1_11' title="bbox 154 726 724 768; baseline -0.007 -8"><span class='ocrx_word' id='word_1_58' title='bbox 154 730 251 760; x_wconf 83' lang='lat' dir='ltr'>cerni.</span> <span class='ocrx_word' id='word_1_59' title='bbox 267 746 313 751; x_wconf 94' lang='lat'>-</span> <span class='ocrx_word' id='word_1_60' title='bbox 329 726 432 768; x_wconf 73' lang='lat' dir='ltr'>Quinc</span> <span class='ocrx_word' id='word_1_61' title='bbox 448 737 459 758; x_wconf 86' lang='lat'>.·</span> <span class='ocrx_word' id='word_1_62' title='bbox 479 727 634 768; x_wconf 81' lang='lat' dir='ltr'>particula</span> <span class='ocrx_word' id='word_1_63' title='bbox 652 726 724 765; x_wconf 87' lang='lat' dir='ltr'>illa,</span> 
     </span>
     <span class='ocr_line' id='line_1_12' title="bbox 156 774 728 815; baseline -0.003 -9"><span class='ocrx_word' id='word_1_64' title='bbox 156 787 207 812; x_wconf 83' lang='lat' dir='ltr'>ne,</span> <span class='ocrx_word' id='word_1_65' title='bbox 241 774 346 805; x_wconf 80' lang='lat' dir='ltr'>minus</span> <span class='ocrx_word' id='word_1_66' title='bbox 371 774 547 815; x_wconf 83' lang='lat' dir='ltr'>expletiva,</span> <span class='ocrx_word' id='word_1_67' title='bbox 574 780 610 803; x_wconf 93' lang='lat' dir='ltr'>ut</span> <span class='ocrx_word' id='word_1_68' title='bbox 637 774 728 804; x_wconf 85' lang='lat' dir='ltr'>aiunt</span> 
     </span>
     <span class='ocr_line' id='line_1_13' title="bbox 154 818 726 863; baseline -0.005 -11"><span class='ocrx_word' id='word_1_69' title='bbox 154 822 299 863; x_wconf 85' lang='lat' dir='ltr'>plerique</span> <span class='ocrx_word' id='word_1_70' title='bbox 329 822 534 861; x_wconf 78' lang='lat' dir='ltr'>interpretes,</span> <span class='ocrx_word' id='word_1_71' title='bbox 561 818 655 860; x_wconf 74' lang='lat' dir='ltr'>quam</span> <span class='ocrx_word' id='word_1_72' title='bbox 681 819 726 850; x_wconf 91' lang='lat' dir='ltr'>el-</span> 
     </span>
     <span class='ocr_line' id='line_1_14' title="bbox 159 866 727 910; baseline -0.007 -11"><span class='ocrx_word' id='word_1_73' title='bbox 159 869 266 910; x_wconf 87' lang='lat' dir='ltr'>liptica</span> <span class='ocrx_word' id='word_1_74' title='bbox 300 878 365 898; x_wconf 87' lang='lat' dir='ltr'>esse</span> <span class='ocrx_word' id='word_1_75' title='bbox 392 867 530 903; x_wconf 84' lang='lat' dir='ltr'>videtur,</span> <span class='ocrx_word' id='word_1_76' title='bbox 555 866 727 906; x_wconf 85' lang='lat' dir='ltr'>locumque</span> 
     </span>
     <span class='ocr_line' id='line_1_15' title="bbox 158 913 725 945; baseline -0.002 -1"><span class='ocrx_word' id='word_1_77' title='bbox 158 921 245 945; x_wconf 81' lang='lat' dir='ltr'>tenet</span> <span class='ocrx_word' id='word_1_78' title='bbox 274 915 364 944; x_wconf 82' lang='lat' dir='ltr'>istius</span> <span class='ocrx_word' id='word_1_79' title='bbox 395 913 688 943; x_wconf 86' lang='lat' dir='ltr'>circumlocutionis</span> <span class='ocrx_word' id='word_1_80' title='bbox 716 922 725 943; x_wconf 88' lang='lat'>:</span> 
     </span>
     <span class='ocr_line' id='line_1_16' title="bbox 160 959 727 1001; baseline -0.007 -10"><span class='ocrx_word' id='word_1_81' title='bbox 160 960 287 991; x_wconf 77' lang='lat' dir='ltr'>Fierine</span> <span class='ocrx_word' id='word_1_82' title='bbox 316 967 423 1001; x_wconf 75' lang='lat' dir='ltr'>potest</span> <span class='ocrx_word' id='word_1_83' title='bbox 448 966 483 988; x_wconf 77' lang='lat' dir='ltr'>ue</span> <span class='ocrx_word' id='word_1_84' title='bbox 509 959 654 999; x_wconf 66' lang='lat' dir='ltr'>putetis?</span> <span class='ocrx_word' id='word_1_85' title='bbox 681 976 727 982; x_wconf 93' lang='lat'>—-</span> 
     </span>
     <span class='ocr_line' id='line_1_17' title="bbox 160 1003 730 1047; baseline -0.005 -10"><span class='ocrx_word' id='word_1_86' title='bbox 160 1006 286 1038; x_wconf 76' lang='lat' dir='ltr'>Rhodio</span> <span class='ocrx_word' id='word_1_87' title='bbox 297 1006 385 1047; x_wconf 86' lang='lat' dir='ltr'>quod</span> <span class='ocrx_word' id='word_1_88' title='bbox 393 1003 588 1036; x_wconf 68' lang='lat' dir='ltr'>Pitholeonti</span> <span class='ocrx_word' id='word_1_89' title='bbox 597 1016 607 1035; x_wconf 90' lang='grc'>.·</span> <span class='ocrx_word' id='word_1_90' title='bbox 624 1005 730 1036; x_wconf 84' lang='lat' dir='ltr'>Pitho-</span> 
     </span>
     <span class='ocr_line' id='line_1_18' title="bbox 160 1051 729 1092; baseline -0.007 -8"><span class='ocrx_word' id='word_1_91' title='bbox 160 1054 253 1092; x_wconf 90' lang='lat' dir='ltr'>leon,</span> <span class='ocrx_word' id='word_1_92' title='bbox 271 1053 389 1084; x_wconf 82' lang='lat' dir='ltr'>Rhodo</span> <span class='ocrx_word' id='word_1_93' title='bbox 407 1051 582 1089; x_wconf 81' lang='lat' dir='ltr'>oriundus3</span> <span class='ocrx_word' id='word_1_94' title='bbox 602 1053 729 1092; x_wconf 90' lang='lat' dir='ltr'>ineptus</span> 
     </span>
     <span class='ocr_line' id='line_1_19' title="bbox 160 1099 730 1142; baseline -0.004 -13"><span class='ocrx_word' id='word_1_95' title='bbox 160 1101 424 1142; x_wconf 82' lang='lat' dir='ltr'>epigrammatum</span> <span class='ocrx_word' id='word_1_96' title='bbox 469 1099 615 1139; x_wconf 82' lang='lat' dir='ltr'>scriptor,</span> <span class='ocrx_word' id='word_1_97' title='bbox 660 1107 730 1138; x_wconf 86' lang='lat' dir='ltr'>quae</span> 
     </span>
     <span class='ocr_line' id='line_1_20' title="bbox 160 1145 728 1188; baseline -0.007 -11"><span class='ocrx_word' id='word_1_98' title='bbox 160 1147 255 1188; x_wconf 78' lang='lat' dir='ltr'>graeci</span> <span class='ocrx_word' id='word_1_99' title='bbox 277 1146 430 1187; x_wconf 86' lang='lat' dir='ltr'>latinique</span> <span class='ocrx_word' id='word_1_100' title='bbox 461 1145 615 1175; x_wconf 86' lang='lat' dir='ltr'>sermonis</span> <span class='ocrx_word' id='word_1_101' title='bbox 642 1154 728 1174; x_wconf 90' lang='lat' dir='ltr'>com-</span> 
     </span>
     <span class='ocr_line' id='line_1_21' title="bbox 160 1191 529 1240; baseline -0.003 -17"><span class='ocrx_word' id='word_1_102' title='bbox 160 1194 314 1224; x_wconf 74' lang='lat' dir='ltr'>mixtione</span> <span class='ocrx_word' id='word_1_103' title='bbox 328 1191 529 1240; x_wconf 58' lang='lat' dir='ltr'>intLuiuabat.</span> 
     </span>
    </p>

    <p class='ocr_par' dir='ltr' id='par_1_9' title="bbox 162 1233 737 1921">
     <span class='ocr_line' id='line_1_22' title="bbox 213 1233 731 1279; baseline -0.01 -9"><span class='ocrx_word' id='word_1_104' title='bbox 213 1250 226 1269; x_wconf 94' lang='lat'>1</span> <span class='ocrx_word' id='word_1_105' title='bbox 239 1250 265 1270; x_wconf 87' lang='grc' dir='ltr'>ῐ.</span> <span class='ocrx_word' id='word_1_106' title='bbox 286 1240 333 1269; x_wconf 80' lang='lat' dir='ltr'>At</span> <span class='ocrx_word' id='word_1_107' title='bbox 348 1249 451 1268; x_wconf 82' lang='lat' dir='ltr'>sermo</span> <span class='ocrx_word' id='word_1_108' title='bbox 474 1233 585 1279; x_wconf 69' lang='lat' dir='ltr'>lingud</span> <span class='ocrx_word' id='word_1_109' title='bbox 599 1235 731 1266; x_wconf 83' lang='lat' dir='ltr'>concin-</span> 
     </span>
     <span class='ocr_line' id='line_1_23' title="bbox 162 1282 733 1326; baseline -0.007 -10"><span class='ocrx_word' id='word_1_110' title='bbox 162 1297 220 1316; x_wconf 82' lang='lat' dir='ltr'>nus</span> <span class='ocrx_word' id='word_1_111' title='bbox 244 1282 377 1326; x_wconf 69' lang='lat' dir='ltr'>ritrc‘z&#39;que</span> <span class='ocrx_word' id='word_1_112' title='bbox 406 1283 540 1314; x_wconf 77' lang='lat' dir='ltr'>Suavior</span> <span class='ocrx_word' id='word_1_113' title='bbox 563 1294 575 1313; x_wconf 89' lang='lat'><em>:</em></span> <span class='ocrx_word' id='word_1_114' title='bbox 596 1283 733 1321; x_wconf 85' lang='lat' dir='ltr'>objectio</span> 
     </span>
     <span class='ocr_line' id='line_1_24' title="bbox 162 1329 734 1371; baseline -0.009 -8"><span class='ocrx_word' id='word_1_115' title='bbox 162 1333 259 1363; x_wconf 85' lang='lat' dir='ltr'>altera</span> <span class='ocrx_word' id='word_1_116' title='bbox 269 1343 278 1370; x_wconf 92' lang='lat'>;</span> <span class='ocrx_word' id='word_1_117' title='bbox 292 1338 370 1368; x_wconf 81' lang='lat' dir='ltr'>esto,</span> <span class='ocrx_word' id='word_1_118' title='bbox 383 1331 536 1371; x_wconf 89' lang='lat' dir='ltr'>inquiunt</span> <span class='ocrx_word' id='word_1_119' title='bbox 545 1329 660 1360; x_wconf 87' lang='lat' dir='ltr'>Lucilii</span> <span class='ocrx_word' id='word_1_120' title='bbox 670 1329 734 1359; x_wconf 85' lang='lat' dir='ltr'>fau-</span> 
     </span>
     <span class='ocr_line' id='line_1_25' title="bbox 162 1376 733 1419; baseline -0.009 -9"><span class='ocrx_word' id='word_1_121' title='bbox 162 1386 266 1416; x_wconf 86' lang='lat' dir='ltr'>tores,</span> <span class='ocrx_word' id='word_1_122' title='bbox 295 1389 399 1419; x_wconf 88' lang='lat' dir='ltr'>neque</span> <span class='ocrx_word' id='word_1_123' title='bbox 426 1376 540 1407; x_wconf 80' lang='lat' dir='ltr'>mirum</span> <span class='ocrx_word' id='word_1_124' title='bbox 559 1377 600 1406; x_wconf 87' lang='lat' dir='ltr'>sit</span> <span class='ocrx_word' id='word_1_125' title='bbox 618 1386 733 1416; x_wconf 83' lang='lat' dir='ltr'>graecas</span> 
     </span>
     <span class='ocr_line' id='line_1_26' title="bbox 162 1422 734 1460; baseline -0.009 -4"><span class='ocrx_word' id='word_1_126' title='bbox 162 1436 257 1456; x_wconf 87' lang='lat' dir='ltr'>voces</span> <span class='ocrx_word' id='word_1_127' title='bbox 288 1425 395 1454; x_wconf 88' lang='lat' dir='ltr'>latinis</span> <span class='ocrx_word' id='word_1_128' title='bbox 422 1425 568 1460; x_wconf 78' lang='lat' dir='ltr'>miscere3</span> <span class='ocrx_word' id='word_1_129' title='bbox 596 1422 651 1452; x_wconf 85' lang='lat' dir='ltr'>sed</span> <span class='ocrx_word' id='word_1_130' title='bbox 675 1422 734 1452; x_wconf 89' lang='lat' dir='ltr'>sal-</span> 
     </span>
     <span class='ocr_line' id='line_1_27' title="bbox 163 1469 733 1510; baseline -0.009 -7"><span class='ocrx_word' id='word_1_131' title='bbox 163 1472 228 1503; x_wconf 68' lang='lat' dir='ltr'>tem</span> <span class='ocrx_word' id='word_1_132' title='bbox 251 1481 346 1501; x_wconf 80' lang='lat' dir='ltr'>suave</span> <span class='ocrx_word' id='word_1_133' title='bbox 367 1469 448 1500; x_wconf 87' lang='lat' dir='ltr'>illud</span> <span class='ocrx_word' id='word_1_134' title='bbox 471 1480 536 1499; x_wconf 85' lang='lat' dir='ltr'>esse</span> <span class='ocrx_word' id='word_1_135' title='bbox 555 1479 621 1499; x_wconf 88' lang='lat' dir='ltr'>non</span> <span class='ocrx_word' id='word_1_136' title='bbox 642 1479 733 1510; x_wconf 84' lang='lat' dir='ltr'>nega·</span> 
     </span>
     <span class='ocr_line' id='line_1_28' title="bbox 163 1515 731 1550; baseline -0.009 -1"><span class='ocrx_word' id='word_1_137' title='bbox 163 1519 258 1550; x_wconf 81' lang='lat' dir='ltr'>veris.</span> <span class='ocrx_word' id='word_1_138' title='bbox 274 1535 321 1541; x_wconf 93' lang='lat'>—-</span> <span class='ocrx_word' id='word_1_139' title='bbox 342 1519 384 1547; x_wconf 77' lang='lat' dir='ltr'>Ut</span> <span class='ocrx_word' id='word_1_140' title='bbox 407 1515 482 1546; x_wconf 77' lang='lat' dir='ltr'>Chio</span> <span class='ocrx_word' id='word_1_141' title='bbox 502 1522 581 1545; x_wconf 80' lang='lat' dir='ltr'>noca</span> <span class='ocrx_word' id='word_1_142' title='bbox 599 1515 626 1544; x_wconf 83' lang='lat' dir='ltr'>si</span> <span class='ocrx_word' id='word_1_143' title='bbox 645 1525 731 1545; x_wconf 86' lang='lat' dir='ltr'>com-</span> 
     </span>
     <span class='ocr_line' id='line_1_29' title="bbox 165 1561 729 1600; baseline -0.009 -5"><span class='ocrx_word' id='word_1_144' title='bbox 165 1565 260 1595; x_wconf 80' lang='lat' dir='ltr'>mista</span> <span class='ocrx_word' id='word_1_145' title='bbox 283 1562 416 1594; x_wconf 82' lang='lat' dir='ltr'>Falerni</span> <span class='ocrx_word' id='word_1_146' title='bbox 438 1569 485 1592; x_wconf 75' lang='lat' dir='ltr'>esc</span> <span class='ocrx_word' id='word_1_147' title='bbox 509 1573 520 1591; x_wconf 91' lang='lat'><em>:</em></span> <span class='ocrx_word' id='word_1_148' title='bbox 546 1561 729 1600; x_wconf 86' lang='lat' dir='ltr'>Falernum,</span> 
     </span>
     <span class='ocr_line' id='line_1_30' title="bbox 164 1607 730 1645; baseline -0.007 -3"><span class='ocrx_word' id='word_1_149' title='bbox 164 1618 202 1642; x_wconf 85' lang='lat' dir='ltr'>ut</span> <span class='ocrx_word' id='word_1_150' title='bbox 214 1611 326 1641; x_wconf 90' lang='lat' dir='ltr'>vinum</span> <span class='ocrx_word' id='word_1_151' title='bbox 347 1610 520 1645; x_wconf 81' lang='lat' dir='ltr'>austerius,</span> <span class='ocrx_word' id='word_1_152' title='bbox 546 1619 619 1638; x_wconf 86' lang='lat' dir='ltr'>cum</span> <span class='ocrx_word' id='word_1_153' title='bbox 634 1607 730 1645; x_wconf 86' lang='lat' dir='ltr'>Chio,</span> 
     </span>
     <span class='ocr_line' id='line_1_31' title="bbox 165 1654 733 1694; baseline -0.009 -6"><span class='ocrx_word' id='word_1_154' title='bbox 165 1657 254 1688; x_wconf 90' lang='lat' dir='ltr'>dulci</span> <span class='ocrx_word' id='word_1_155' title='bbox 269 1658 345 1687; x_wconf 89' lang='lat' dir='ltr'>vino</span> <span class='ocrx_word' id='word_1_156' title='bbox 356 1679 364 1694; x_wconf 90' lang='lat'>‚</span> <span class='ocrx_word' id='word_1_157' title='bbox 383 1656 508 1685; x_wconf 90' lang='lat' dir='ltr'>misceri</span> <span class='ocrx_word' id='word_1_158' title='bbox 520 1654 658 1692; x_wconf 80' lang='lat' dir='ltr'>solebat,</span> <span class='ocrx_word' id='word_1_159' title='bbox 674 1665 733 1684; x_wconf 86' lang='lat' dir='ltr'>un-</span> 
     </span>
     <span class='ocr_line' id='line_1_32' title="bbox 165 1700 733 1743; baseline -0.009 -8"><span class='ocrx_word' id='word_1_160' title='bbox 165 1704 205 1735; x_wconf 72' lang='lat' dir='ltr'>de</span> <span class='ocrx_word' id='word_1_161' title='bbox 227 1703 383 1734; x_wconf 81' lang='lat' dir='ltr'>existebat</span> <span class='ocrx_word' id='word_1_162' title='bbox 405 1709 501 1743; x_wconf 81' lang='lat' dir='ltr'>potus</span> <span class='ocrx_word' id='word_1_163' title='bbox 527 1700 637 1731; x_wconf 67' lang='lat' dir='ltr'>revera</span> <span class='ocrx_word' id='word_1_164' title='bbox 662 1711 733 1731; x_wconf 90' lang='lat' dir='ltr'>sua-</span> 
     </span>
     <span class='ocr_line' id='line_1_33' title="bbox 165 1747 735 1790; baseline -0.009 -9"><span class='ocrx_word' id='word_1_165' title='bbox 165 1751 247 1781; x_wconf 85' lang='lat' dir='ltr'>vior.</span> <span class='ocrx_word' id='word_1_166' title='bbox 266 1750 386 1780; x_wconf 83' lang='lat' dir='ltr'>Vinum</span> <span class='ocrx_word' id='word_1_167' title='bbox 402 1758 540 1790; x_wconf 82' lang='lat' dir='ltr'>graecum</span> <span class='ocrx_word' id='word_1_168' title='bbox 561 1758 633 1777; x_wconf 87' lang='lat' dir='ltr'>cum</span> <span class='ocrx_word' id='word_1_169' title='bbox 657 1747 735 1777; x_wconf 85' lang='lat' dir='ltr'>vino</span> 
     </span>
     <span class='ocr_line' id='line_1_34' title="bbox 164 1791 736 1828; baseline -0.01 0"><span class='ocrx_word' id='word_1_170' title='bbox 164 1797 273 1828; x_wconf 87' lang='lat' dir='ltr'>italico</span> <span class='ocrx_word' id='word_1_171' title='bbox 287 1796 498 1826; x_wconf 80' lang='lat' dir='ltr'>commixtum</span> <span class='ocrx_word' id='word_1_172' title='bbox 520 1805 560 1824; x_wconf 81' lang='lat' dir='ltr'>ex</span> <span class='ocrx_word' id='word_1_173' title='bbox 579 1791 736 1823; x_wconf 64' lang='lat' dir='ltr'>industria</span> 
     </span>
     <span class='ocr_line' id='line_1_35' title="bbox 166 1840 737 1881; baseline -0.007 -7"><span class='ocrx_word' id='word_1_174' title='bbox 166 1845 256 1881; x_wconf 89' lang='lat' dir='ltr'>citat,</span> <span class='ocrx_word' id='word_1_175' title='bbox 273 1842 313 1872; x_wconf 87' lang='lat' dir='ltr'>ad</span> <span class='ocrx_word' id='word_1_176' title='bbox 327 1842 495 1872; x_wconf 83' lang='lat' dir='ltr'>strictioris</span> <span class='ocrx_word' id='word_1_177' title='bbox 518 1840 671 1881; x_wconf 80' lang='lat' dir='ltr'>analogiae</span> <span class='ocrx_word' id='word_1_178' title='bbox 693 1850 737 1870; x_wconf 87' lang='lat' dir='ltr'>ra-</span> 
     </span>
     <span class='ocr_line' id='line_1_36' title="bbox 165 1891 298 1921; baseline -0.008 -1"><span class='ocrx_word' id='word_1_179' title='bbox 165 1891 298 1921; x_wconf 87' lang='lat' dir='ltr'>tionem.</span> 
     </span>
    </p>

    <p class='ocr_par' dir='ltr' id='par_1_10' title="bbox 163 1930 738 2257">
     <span class='ocr_line' id='line_1_37' title="bbox 219 1930 737 1974; baseline -0.006 -10"><span class='ocrx_word' id='word_1_180' title='bbox 219 1947 271 1967; x_wconf 83' lang='lat'>12.</span> <span class='ocrx_word' id='word_1_181' title='bbox 291 1934 368 1966; x_wconf 67' lang='lat' dir='ltr'>Ciam</span> <span class='ocrx_word' id='word_1_182' title='bbox 391 1931 625 1974; x_wconf 76' lang='lat' dir='ltr'>versusfizcae&#39;as</span> <span class='ocrx_word' id='word_1_183' title='bbox 645 1942 655 1961; x_wconf 94' lang='grc'>.·</span> <span class='ocrx_word' id='word_1_184' title='bbox 669 1930 737 1962; x_wconf 82' lang='lat' dir='ltr'>haec</span> 
     </span>
     <span class='ocr_line' id='line_1_38' title="bbox 167 1977 737 2019; baseline -0.014 -4"><span class='ocrx_word' id='word_1_185' title='bbox 167 1983 266 2015; x_wconf 87' lang='lat' dir='ltr'>verba</span> <span class='ocrx_word' id='word_1_186' title='bbox 289 1980 306 2011; x_wconf 70' lang='lat' dir='ltr'>a</span> <span class='ocrx_word' id='word_1_187' title='bbox 324 1979 490 2010; x_wconf 86' lang='lat' dir='ltr'>nonnullis</span> <span class='ocrx_word' id='word_1_188' title='bbox 508 1977 737 2019; x_wconf 83' lang='lat' dir='ltr'>interpretibus</span> 
     </span>
     <span class='ocr_line' id='line_1_39' title="bbox 167 2023 736 2071; baseline -0.011 -12"><span class='ocrx_word' id='word_1_189' title='bbox 167 2030 208 2063; x_wconf 73' lang='lat' dir='ltr'>ad</span> <span class='ocrx_word' id='word_1_190' title='bbox 235 2026 446 2071; x_wconf 81' lang='lat' dir='ltr'>praecedentia</span> <span class='ocrx_word' id='word_1_191' title='bbox 476 2024 670 2062; x_wconf 86' lang='lat' dir='ltr'>referuntur,</span> <span class='ocrx_word' id='word_1_192' title='bbox 693 2023 736 2054; x_wconf 76' lang='lat' dir='ltr'>ita</span> 
     </span>
     <span class='ocr_line' id='line_1_40' title="bbox 166 2070 737 2108; baseline -0.016 0"><span class='ocrx_word' id='word_1_193' title='bbox 166 2083 204 2108; x_wconf 88' lang='lat' dir='ltr'>ut</span> <span class='ocrx_word' id='word_1_194' title='bbox 218 2084 328 2106; x_wconf 85' lang='lat' dir='ltr'>sensus</span> <span class='ocrx_word' id='word_1_195' title='bbox 347 2073 404 2108; x_wconf 88' lang='lat' dir='ltr'>sit,</span> <span class='ocrx_word' id='word_1_196' title='bbox 423 2072 456 2100; x_wconf 92' lang='lat' dir='ltr'>in</span> <span class='ocrx_word' id='word_1_197' title='bbox 471 2070 663 2101; x_wconf 86' lang='lat' dir='ltr'>carminibus</span> <span class='ocrx_word' id='word_1_198' title='bbox 678 2070 737 2100; x_wconf 74' lang='lat' dir='ltr'>sal-</span> 
     </span>
     <span class='ocr_line' id='line_1_41' title="bbox 164 2120 737 2158; baseline -0.014 -4"><span class='ocrx_word' id='word_1_199' title='bbox 164 2123 229 2154; x_wconf 70' lang='lat' dir='ltr'>tem</span> <span class='ocrx_word' id='word_1_200' title='bbox 255 2120 347 2152; x_wconf 88' lang='lat' dir='ltr'>suavi</span> <span class='ocrx_word' id='word_1_201' title='bbox 369 2124 618 2158; x_wconf 88' lang='lat' dir='ltr'>temperamento</span> <span class='ocrx_word' id='word_1_202' title='bbox 643 2126 737 2146; x_wconf 83' lang='lat' dir='ltr'>voces</span> 
     </span>
     <span class='ocr_line' id='line_1_42' title="bbox 165 2162 738 2212; baseline -0.016 -11"><span class='ocrx_word' id='word_1_203' title='bbox 165 2179 282 2212; x_wconf 79' lang='lat' dir='ltr'>graecas</span> <span class='ocrx_word' id='word_1_204' title='bbox 305 2166 479 2205; x_wconf 84' lang='lat' dir='ltr'>latinasque</span> <span class='ocrx_word' id='word_1_205' title='bbox 504 2162 602 2194; x_wconf 79' lang='lat' dir='ltr'>simul</span> <span class='ocrx_word' id='word_1_206' title='bbox 627 2162 738 2192; x_wconf 84' lang='lat' dir='ltr'>admis-</span> 
     </span>
     <span class='ocr_line' id='line_1_43' title="bbox 163 2207 738 2257; baseline -0.012 -10"><span class='ocrx_word' id='word_1_207' title='bbox 163 2217 243 2257; x_wconf 82' lang='lat' dir='ltr'>ceri,</span> <span class='ocrx_word' id='word_1_208' title='bbox 278 2221 310 2247; x_wconf 81' lang='lat' dir='ltr'>et</span> <span class='ocrx_word' id='word_1_209' title='bbox 339 2211 393 2244; x_wconf 81' lang='lat' dir='ltr'>hie</span> <span class='ocrx_word' id='word_1_210' title='bbox 423 2210 567 2242; x_wconf 67' lang='lat' dir='ltr'>absoluta</span> <span class='ocrx_word' id='word_1_211' title='bbox 597 2207 738 2243; x_wconf 70' lang='lat' dir='ltr'>clausula</span> 
     </span>
    </p>
   </div>
   <div class='ocr_carea' id='block_1_6' title="bbox 777 723 1360 2145">
    <p class='ocr_par' dir='ltr' id='par_1_11' title="bbox 777 723 1355 1831">
     <span class='ocr_line' id='line_1_44' title="bbox 777 723 1345 767; baseline 0.009 -12"><span class='ocrx_word' id='word_1_212' title='bbox 777 724 930 767; x_wconf 83' lang='lat' dir='ltr'>periodus</span> <span class='ocrx_word' id='word_1_213' title='bbox 958 723 1098 756; x_wconf 84' lang='lat' dir='ltr'>finiatur.</span> <span class='ocrx_word' id='word_1_214' title='bbox 1134 727 1265 758; x_wconf 73' lang='lat' dir='ltr'>Attente</span> <span class='ocrx_word' id='word_1_215' title='bbox 1301 729 1345 760; x_wconf 66' lang='lat' dir='ltr'>le-</span> 
     </span>
     <span class='ocr_line' id='line_1_45' title="bbox 779 771 1344 813; baseline 0.007 -11"><span class='ocrx_word' id='word_1_216' title='bbox 779 773 883 813; x_wconf 84' lang='lat' dir='ltr'>genti,</span> <span class='ocrx_word' id='word_1_217' title='bbox 911 772 966 802; x_wconf 89' lang='lat' dir='ltr'>illa</span> <span class='ocrx_word' id='word_1_218' title='bbox 989 771 1161 802; x_wconf 83' lang='lat' dir='ltr'>verborum</span> <span class='ocrx_word' id='word_1_219' title='bbox 1186 780 1344 806; x_wconf 84' lang='lat' dir='ltr'>structura</span> 
     </span>
     <span class='ocr_line' id='line_1_46' title="bbox 779 817 1344 859; baseline 0.009 -11"><span class='ocrx_word' id='word_1_220' title='bbox 779 826 812 849; x_wconf 88' lang='lat' dir='ltr'>et</span> <span class='ocrx_word' id='word_1_221' title='bbox 827 819 938 856; x_wconf 82' lang='lat' dir='ltr'>series,</span> <span class='ocrx_word' id='word_1_222' title='bbox 954 818 1099 859; x_wconf 83' lang='lat' dir='ltr'>quamvis</span> <span class='ocrx_word' id='word_1_223' title='bbox 1113 817 1131 848; x_wconf 76' lang='lat' dir='ltr'>a</span> <span class='ocrx_word' id='word_1_224' title='bbox 1145 818 1272 852; x_wconf 77' lang='lat' dir='ltr'>doctiss.</span> <span class='ocrx_word' id='word_1_225' title='bbox 1284 823 1344 853; x_wconf 87' lang='lat' dir='ltr'>vir.</span> 
     </span>
     <span class='ocr_line' id='line_1_47' title="bbox 780 864 1344 906; baseline 0.011 -12"><span class='ocrx_word' id='word_1_226' title='bbox 780 864 1003 906; x_wconf 82' lang='lat' dir='ltr'>Cuningham,</span> <span class='ocrx_word' id='word_1_227' title='bbox 1030 864 1214 902; x_wconf 86' lang='lat' dir='ltr'>Sanadone,</span> <span class='ocrx_word' id='word_1_228' title='bbox 1244 873 1277 897; x_wconf 79' lang='lat' dir='ltr'>et</span> <span class='ocrx_word' id='word_1_229' title='bbox 1303 870 1344 900; x_wconf 81' lang='lat' dir='ltr'>R.</span> 
     </span>
     <span class='ocr_line' id='line_1_48' title="bbox 780 911 1346 954; baseline 0.005 -13"><span class='ocrx_word' id='word_1_230' title='bbox 780 912 873 942; x_wconf 80' lang='lat' dir='ltr'>Binet</span> <span class='ocrx_word' id='word_1_231' title='bbox 895 911 1057 952; x_wconf 79' lang='lat' dir='ltr'>adoptata,</span> <span class='ocrx_word' id='word_1_232' title='bbox 1084 911 1221 943; x_wconf 77' lang='lat' dir='ltr'>difficilis</span> <span class='ocrx_word' id='word_1_233' title='bbox 1239 920 1270 943; x_wconf 83' lang='lat' dir='ltr'>et</span> <span class='ocrx_word' id='word_1_234' title='bbox 1292 924 1346 954; x_wconf 88' lang='lat' dir='ltr'>pa-</span> 
     </span>
     <span class='ocr_line' id='line_1_49' title="bbox 779 957 1347 999; baseline 0.004 -12"><span class='ocrx_word' id='word_1_235' title='bbox 779 968 850 987; x_wconf 88' lang='lat' dir='ltr'>rum</span> <span class='ocrx_word' id='word_1_236' title='bbox 862 957 1019 999; x_wconf 80' lang='lat' dir='ltr'>expedita,</span> <span class='ocrx_word' id='word_1_237' title='bbox 1031 957 1203 990; x_wconf 84' lang='lat' dir='ltr'>videbitur.</span> <span class='ocrx_word' id='word_1_238' title='bbox 1217 958 1328 991; x_wconf 70' lang='lat' dir='ltr'>Malim</span> <span class='ocrx_word' id='word_1_239' title='bbox 1337 982 1347 998; x_wconf 89' lang='lat'>,</span> 
     </span>
     <span class='ocr_line' id='line_1_50' title="bbox 779 1004 1348 1046; baseline 0.004 -12"><span class='ocrx_word' id='word_1_240' title='bbox 779 1005 961 1034; x_wconf 84' lang='lat' dir='ltr'>Dacierium</span> <span class='ocrx_word' id='word_1_241' title='bbox 974 1011 1102 1034; x_wconf 81' lang='lat' dir='ltr'>secutus</span> <span class='ocrx_word' id='word_1_242' title='bbox 1111 1026 1120 1042; x_wconf 91' lang='lat'>‚</span> <span class='ocrx_word' id='word_1_243' title='bbox 1134 1004 1348 1046; x_wconf 78' lang='lat' dir='ltr'>sic&#39;interpre·</span> 
     </span>
     <span class='ocr_line' id='line_1_51' title="bbox 782 1050 1348 1091; baseline 0.005 -11"><span class='ocrx_word' id='word_1_244' title='bbox 782 1051 865 1081; x_wconf 89' lang='lat' dir='ltr'>tari:</span> <span class='ocrx_word' id='word_1_245' title='bbox 889 1050 985 1080; x_wconf 88' lang='lat' dir='ltr'>credo</span> <span class='ocrx_word' id='word_1_246' title='bbox 1007 1057 1053 1089; x_wconf 85' lang='lat' dir='ltr'>te,</span> <span class='ocrx_word' id='word_1_247' title='bbox 1073 1051 1180 1091; x_wconf 88' lang='lat' dir='ltr'>inquit</span> <span class='ocrx_word' id='word_1_248' title='bbox 1195 1053 1348 1083; x_wconf 86' lang='lat' dir='ltr'>Horatius</span> 
     </span>
     <span class='ocr_line' id='line_1_52' title="bbox 782 1096 1349 1136; baseline 0.005 -10"><span class='ocrx_word' id='word_1_249' title='bbox 782 1096 996 1127; x_wconf 85' lang='lat' dir='ltr'>adversarium</span> <span class='ocrx_word' id='word_1_250' title='bbox 1009 1107 1102 1127; x_wconf 86' lang='lat' dir='ltr'>suum</span> <span class='ocrx_word' id='word_1_251' title='bbox 1116 1097 1271 1136; x_wconf 56' lang='lat' dir='ltr'>reklleus,</span> <span class='ocrx_word' id='word_1_252' title='bbox 1285 1109 1349 1129; x_wconf 84' lang='lat' dir='ltr'>ere-</span> 
     </span>
     <span class='ocr_line' id='line_1_53' title="bbox 783 1143 1348 1184; baseline 0.004 -11"><span class='ocrx_word' id='word_1_253' title='bbox 783 1143 841 1180; x_wconf 92' lang='lat' dir='ltr'>do,</span> <span class='ocrx_word' id='word_1_254' title='bbox 857 1144 1008 1183; x_wconf 88' lang='lat' dir='ltr'>inquam,</span> <span class='ocrx_word' id='word_1_255' title='bbox 1033 1149 1064 1172; x_wconf 89' lang='lat' dir='ltr'>te</span> <span class='ocrx_word' id='word_1_256' title='bbox 1082 1153 1148 1173; x_wconf 85' lang='lat' dir='ltr'>esse</span> <span class='ocrx_word' id='word_1_257' title='bbox 1167 1143 1203 1173; x_wconf 88' lang='lat' dir='ltr'>in</span> <span class='ocrx_word' id='word_1_258' title='bbox 1218 1145 1258 1174; x_wconf 83' lang='lat' dir='ltr'>iis</span> <span class='ocrx_word' id='word_1_259' title='bbox 1277 1155 1348 1184; x_wconf 85' lang='lat' dir='ltr'>quae</span> 
     </span>
     <span class='ocr_line' id='line_1_54' title="bbox 784 1188 1351 1230; baseline 0.004 -12"><span class='ocrx_word' id='word_1_260' title='bbox 784 1189 822 1219; x_wconf 82' lang='lat' dir='ltr'>ad</span> <span class='ocrx_word' id='word_1_261' title='bbox 840 1196 938 1219; x_wconf 87' lang='lat' dir='ltr'>artem</span> <span class='ocrx_word' id='word_1_262' title='bbox 953 1189 1110 1229; x_wconf 88' lang='lat' dir='ltr'>poeticam</span> <span class='ocrx_word' id='word_1_263' title='bbox 1124 1188 1285 1230; x_wconf 76' lang='lat' dir='ltr'>perti&#39;neut</span> <span class='ocrx_word' id='word_1_264' title='bbox 1297 1201 1351 1220; x_wconf 88' lang='lat' dir='ltr'>na-</span> 
     </span>
     <span class='ocr_line' id='line_1_55' title="bbox 785 1234 1350 1277; baseline 0.002 -11"><span class='ocrx_word' id='word_1_265' title='bbox 785 1237 828 1266; x_wconf 85' lang='lat' dir='ltr'>ris</span> <span class='ocrx_word' id='word_1_266' title='bbox 843 1241 1000 1264; x_wconf 81' lang='lat' dir='ltr'>emuncta:</span> <span class='ocrx_word' id='word_1_267' title='bbox 1014 1234 1172 1274; x_wconf 85' lang='lat' dir='ltr'>judicem,</span> <span class='ocrx_word' id='word_1_268' title='bbox 1195 1234 1268 1266; x_wconf 75' lang='lat' dir='ltr'>cum</span> <span class='ocrx_word' id='word_1_269' title='bbox 1282 1237 1350 1277; x_wconf 81' lang='lat' dir='ltr'>ipse</span> 
     </span>
     <span class='ocr_line' id='line_1_56' title="bbox 786 1278 1349 1321; baseline 0.004 -9"><span class='ocrx_word' id='word_1_270' title='bbox 786 1291 899 1312; x_wconf 81' lang='lat' dir='ltr'>versus</span> <span class='ocrx_word' id='word_1_271' title='bbox 912 1278 1039 1321; x_wconf 79' lang='lat' dir='ltr'>sacius.</span> <span class='ocrx_word' id='word_1_272' title='bbox 1066 1281 1149 1311; x_wconf 86' lang='lat' dir='ltr'>Mihi</span> <span class='ocrx_word' id='word_1_273' title='bbox 1173 1282 1280 1313; x_wconf 70' lang='lat' dir='ltr'>tamen</span> <span class='ocrx_word' id='word_1_274' title='bbox 1303 1290 1349 1314; x_wconf 83' lang='lat' dir='ltr'>te-</span> 
     </span>
     <span class='ocr_line' id='line_1_57' title="bbox 786 1327 1350 1370; baseline 0.004 -12"><span class='ocrx_word' id='word_1_275' title='bbox 786 1327 887 1368; x_wconf 81' lang='lat' dir='ltr'>ipsum</span> <span class='ocrx_word' id='word_1_276' title='bbox 910 1327 1136 1366; x_wconf 79' lang='lat' dir='ltr'>percunctanti</span> <span class='ocrx_word' id='word_1_277' title='bbox 1159 1329 1350 1370; x_wconf 80' lang='lat' dir='ltr'>respondere</span> 
     </span>
     <span class='ocr_line' id='line_1_58' title="bbox 786 1372 1350 1415; baseline 0.004 -11"><span class='ocrx_word' id='word_1_278' title='bbox 786 1374 927 1415; x_wconf 85' lang='lat' dir='ltr'>digneris</span> <span class='ocrx_word' id='word_1_279' title='bbox 942 1382 950 1404; x_wconf 93' lang='lat'>:</span> <span class='ocrx_word' id='word_1_280' title='bbox 965 1374 991 1403; x_wconf 89' lang='lat' dir='ltr'>si</span> <span class='ocrx_word' id='word_1_281' title='bbox 1007 1372 1100 1414; x_wconf 71' lang='lat' dir='ltr'>prosa</span> <span class='ocrx_word' id='word_1_282' title='bbox 1118 1375 1272 1406; x_wconf 79' lang='lat' dir='ltr'>scriberes</span> <span class='ocrx_word' id='word_1_283' title='bbox 1283 1399 1292 1414; x_wconf 89' lang='lat'>,</span> <span class='ocrx_word' id='word_1_284' title='bbox 1306 1377 1350 1413; x_wconf 88' lang='lat' dir='ltr'>si,</span> 
     </span>
     <span class='ocr_line' id='line_1_59' title="bbox 786 1419 1352 1461; baseline 0.002 -10"><span class='ocrx_word' id='word_1_285' title='bbox 786 1432 817 1451; x_wconf 87' lang='lat' dir='ltr'>v.</span> <span class='ocrx_word' id='word_1_286' title='bbox 851 1431 880 1461; x_wconf 84' lang='lat' dir='ltr'>g.</span> <span class='ocrx_word' id='word_1_287' title='bbox 915 1430 1040 1449; x_wconf 87' lang='lat' dir='ltr'>cansam</span> <span class='ocrx_word' id='word_1_288' title='bbox 1064 1419 1180 1451; x_wconf 81' lang='lat' dir='ltr'>Petillii</span> <span class='ocrx_word' id='word_1_289' title='bbox 1205 1422 1352 1452; x_wconf 69' lang='lat' dir='ltr'>accurata</span> 
     </span>
     <span class='ocr_line' id='line_1_60' title="bbox 786 1465 1353 1507; baseline 0.004 -10"><span class='ocrx_word' id='word_1_290' title='bbox 786 1467 928 1497; x_wconf 89' lang='lat' dir='ltr'>oratione</span> <span class='ocrx_word' id='word_1_291' title='bbox 950 1465 1145 1504; x_wconf 82' lang='lat' dir='ltr'>defenderes,</span> <span class='ocrx_word' id='word_1_292' title='bbox 1161 1474 1254 1507; x_wconf 80' lang='lat' dir='ltr'>putas</span> <span class='ocrx_word' id='word_1_293' title='bbox 1266 1479 1306 1499; x_wconf 90' lang='lat' dir='ltr'>ne</span> <span class='ocrx_word' id='word_1_294' title='bbox 1323 1475 1353 1498; x_wconf 79' lang='lat' dir='ltr'>te</span> 
     </span>
     <span class='ocr_line' id='line_1_61' title="bbox 785 1511 1351 1554; baseline 0.005 -12"><span class='ocrx_word' id='word_1_295' title='bbox 785 1511 986 1543; x_wconf 86' lang='lat' dir='ltr'>auditoribus</span> <span class='ocrx_word' id='word_1_296' title='bbox 999 1512 1232 1543; x_wconf 75' lang='lat' dir='ltr'>satisfacturum</span> <span class='ocrx_word' id='word_1_297' title='bbox 1243 1514 1351 1554; x_wconf 81' lang='lat' dir='ltr'>fuisse,</span> 
     </span>
     <span class='ocr_line' id='line_1_62' title="bbox 784 1558 1354 1600; baseline 0.005 -12"><span class='ocrx_word' id='word_1_298' title='bbox 784 1566 952 1599; x_wconf 86' lang='lat' dir='ltr'>utramque</span> <span class='ocrx_word' id='word_1_299' title='bbox 982 1558 1124 1600; x_wconf 86' lang='lat' dir='ltr'>linguam</span> <span class='ocrx_word' id='word_1_300' title='bbox 1149 1561 1354 1592; x_wconf 79' lang='lat' dir='ltr'>commiscen-</span> 
     </span>
     <span class='ocr_line' id='line_1_63' title="bbox 785 1600 1353 1645; baseline 0.005 -10"><span class='ocrx_word' id='word_1_301' title='bbox 785 1604 850 1635; x_wconf 77' lang='lat' dir='ltr'>do?</span> <span class='ocrx_word' id='word_1_302' title='bbox 872 1604 968 1645; x_wconf 87' lang='lat' dir='ltr'>Quod</span> <span class='ocrx_word' id='word_1_303' title='bbox 986 1606 1091 1635; x_wconf 72' lang='lat' dir='ltr'>autem</span> <span class='ocrx_word' id='word_1_304' title='bbox 1108 1600 1145 1636; x_wconf 77' lang='lat' dir='ltr'>&#39;in</span> <span class='ocrx_word' id='word_1_305' title='bbox 1158 1605 1263 1637; x_wconf 55' lang='lat' dir='ltr'>solute</span> <span class='ocrx_word' id='word_1_306' title='bbox 1281 1617 1353 1638; x_wconf 90' lang='lat' dir='ltr'>ora-</span> 
     </span>
     <span class='ocr_line' id='line_1_64' title="bbox 786 1651 1354 1690; baseline 0.005 -9"><span class='ocrx_word' id='word_1_307' title='bbox 786 1652 873 1682; x_wconf 87' lang='lat' dir='ltr'>tione</span> <span class='ocrx_word' id='word_1_308' title='bbox 901 1651 959 1681; x_wconf 79' lang='lat' dir='ltr'>tibi</span> <span class='ocrx_word' id='word_1_309' title='bbox 984 1662 1054 1682; x_wconf 89' lang='lat' dir='ltr'>non</span> <span class='ocrx_word' id='word_1_310' title='bbox 1075 1651 1202 1690; x_wconf 83' lang='lat' dir='ltr'>liceret,</span> <span class='ocrx_word' id='word_1_311' title='bbox 1237 1652 1295 1684; x_wconf 77' lang='lat' dir='ltr'>cur</span> <span class='ocrx_word' id='word_1_312' title='bbox 1319 1655 1354 1684; x_wconf 88' lang='lat' dir='ltr'>in</span> 
     </span>
     <span class='ocr_line' id='line_1_65' title="bbox 787 1695 1354 1739; baseline 0.005 -12"><span class='ocrx_word' id='word_1_313' title='bbox 787 1695 897 1727; x_wconf 73' lang='lat' dir='ltr'>stricta</span> <span class='ocrx_word' id='word_1_314' title='bbox 935 1698 994 1728; x_wconf 87' lang='lat' dir='ltr'>tibi</span> <span class='ocrx_word' id='word_1_315' title='bbox 1035 1699 1255 1739; x_wconf 80' lang='lat' dir='ltr'>permitteres?</span> <span class='ocrx_word' id='word_1_316' title='bbox 1295 1698 1354 1730; x_wconf 69' lang='lat' dir='ltr'>ctu·</span> 
     </span>
     <span class='ocr_line' id='line_1_66' title="bbox 788 1743 1355 1787; baseline 0.005 -14"><span class='ocrx_word' id='word_1_317' title='bbox 788 1743 979 1785; x_wconf 88' lang='lat' dir='ltr'>probaretur</span> <span class='ocrx_word' id='word_1_318' title='bbox 1017 1744 1052 1774; x_wconf 88' lang='lat' dir='ltr'>in</span> <span class='ocrx_word' id='word_1_319' title='bbox 1093 1751 1239 1785; x_wconf 84' lang='lat' dir='ltr'>poemate</span> <span class='ocrx_word' id='word_1_320' title='bbox 1269 1745 1355 1787; x_wconf 88' lang='lat' dir='ltr'>qnod</span> 
     </span>
     <span class='ocr_line' id='line_1_67' title="bbox 789 1789 1169 1831; baseline 0.005 -11"><span class='ocrx_word' id='word_1_321' title='bbox 789 1789 1014 1831; x_wconf 85' lang='lat' dir='ltr'>exploderetur</span> <span class='ocrx_word' id='word_1_322' title='bbox 1026 1791 1062 1820; x_wconf 88' lang='lat' dir='ltr'>in</span> <span class='ocrx_word' id='word_1_323' title='bbox 1078 1791 1169 1822; x_wconf 78' lang='lat' dir='ltr'>foro?</span> 
     </span>
    </p>

    <p class='ocr_par' dir='ltr' id='par_1_12' title="bbox 789 1836 1360 2145">
     <span class='ocr_line' id='line_1_68' title="bbox 840 1836 1360 1879; baseline 0.004 -13"><span class='ocrx_word' id='word_1_324' title='bbox 840 1838 893 1867; x_wconf 85' lang='lat'>13.</span> <span class='ocrx_word' id='word_1_325' title='bbox 920 1838 1011 1866; x_wconf 83' lang='lat' dir='ltr'>Dura</span> <span class='ocrx_word' id='word_1_326' title='bbox 1032 1836 1089 1867; x_wconf 82' lang='lat' dir='ltr'>cibi</span> <span class='ocrx_word' id='word_1_327' title='bbox 1106 1837 1297 1879; x_wconf 78' lang='lat' dir='ltr'>peragenda</span> <span class='ocrx_word' id='word_1_328' title='bbox 1311 1838 1360 1869; x_wconf 77' lang='lat' dir='ltr'>rei</span> 
     </span>
     <span class='ocr_line' id='line_1_69' title="bbox 790 1880 1357 1923; baseline 0.004 -11"><span class='ocrx_word' id='word_1_329' title='bbox 790 1882 831 1913; x_wconf 83' lang='lat' dir='ltr'>sit</span> <span class='ocrx_word' id='word_1_330' title='bbox 844 1893 942 1913; x_wconf 85' lang='lat' dir='ltr'>causa</span> <span class='ocrx_word' id='word_1_331' title='bbox 955 1880 1087 1914; x_wconf 67' lang='lat' dir='ltr'>Petillf:</span> <span class='ocrx_word' id='word_1_332' title='bbox 1101 1882 1140 1913; x_wconf 89' lang='lat' dir='ltr'>de</span> <span class='ocrx_word' id='word_1_333' title='bbox 1155 1883 1278 1914; x_wconf 84' lang='lat' dir='ltr'>Petillio</span> <span class='ocrx_word' id='word_1_334' title='bbox 1291 1883 1357 1923; x_wconf 76' lang='lat' dir='ltr'>jam</span> 
     </span>
     <span class='ocr_line' id='line_1_70' title="bbox 791 1928 1355 1971; baseline 0.004 -12"><span class='ocrx_word' id='word_1_335' title='bbox 791 1937 899 1960; x_wconf 87' lang='lat' dir='ltr'>actum</span> <span class='ocrx_word' id='word_1_336' title='bbox 923 1935 970 1959; x_wconf 86' lang='lat' dir='ltr'>est</span> <span class='ocrx_word' id='word_1_337' title='bbox 996 1928 1110 1971; x_wconf 63' lang='lat' dir='ltr'>supr-²1,</span> <span class='ocrx_word' id='word_1_338' title='bbox 1136 1936 1192 1960; x_wconf 80' lang='lat' dir='ltr'>sat.</span> <span class='ocrx_word' id='word_1_339' title='bbox 1215 1931 1275 1967; x_wconf 90' lang='lat' dir='ltr'>IV,</span> <span class='ocrx_word' id='word_1_340' title='bbox 1299 1937 1355 1970; x_wconf 79' lang='grc'>94.</span> 
     </span>
     <span class='ocr_line' id='line_1_71' title="bbox 790 1975 1357 2007; baseline 0 -1"><span class='ocrx_word' id='word_1_341' title='bbox 790 1975 929 2007; x_wconf 83' lang='lat' dir='ltr'>Consule</span> <span class='ocrx_word' id='word_1_342' title='bbox 951 1975 981 2006; x_wconf 86' lang='lat' dir='ltr'>h.</span> <span class='ocrx_word' id='word_1_343' title='bbox 1004 1976 1026 2006; x_wconf 91' lang='lat'>1.</span> <span class='ocrx_word' id='word_1_344' title='bbox 1047 1982 1079 2006; x_wconf 88' lang='lat' dir='ltr'>et</span> <span class='ocrx_word' id='word_1_345' title='bbox 1098 1981 1216 2006; x_wconf 82' lang='lat' dir='ltr'>notam.</span> <span class='ocrx_word' id='word_1_346' title='bbox 1233 1993 1279 1999; x_wconf 94' lang='lat'>—-</span> <span class='ocrx_word' id='word_1_347' title='bbox 1296 1979 1357 2006; x_wconf 88' lang='lat' dir='ltr'>La-</span> 
     </span>
     <span class='ocr_line' id='line_1_72' title="bbox 789 2021 1359 2053; baseline 0.004 -2"><span class='ocrx_word' id='word_1_348' title='bbox 789 2021 854 2052; x_wconf 67' lang='lat' dir='ltr'>tin&amp;</span> <span class='ocrx_word' id='word_1_349' title='bbox 873 2021 950 2051; x_wconf 69' lang='lat' dir='ltr'>Cizm</span> <span class='ocrx_word' id='word_1_350' title='bbox 965 2021 1083 2052; x_wconf 80' lang='lat' dir='ltr'>Pedius</span> <span class='ocrx_word' id='word_1_351' title='bbox 1096 2032 1211 2051; x_wconf 76' lang='lat' dir='ltr'>causas</span> <span class='ocrx_word' id='word_1_352' title='bbox 1225 2023 1359 2053; x_wconf 76' lang='lat' dir='ltr'>exsudet</span> 
     </span>
     <span class='ocr_line' id='line_1_73' title="bbox 789 2067 1357 2108; baseline 0.002 -10"><span class='ocrx_word' id='word_1_353' title='bbox 789 2067 966 2105; x_wconf 80' lang='lat' dir='ltr'>Publicola,</span> <span class='ocrx_word' id='word_1_354' title='bbox 981 2075 1076 2108; x_wconf 81' lang='lat' dir='ltr'>acque</span> <span class='ocrx_word' id='word_1_355' title='bbox 1093 2067 1242 2099; x_wconf 74' lang='lat' dir='ltr'>Corvinus</span> <span class='ocrx_word' id='word_1_356' title='bbox 1259 2079 1270 2098; x_wconf 88' lang='lat'>.·</span> <span class='ocrx_word' id='word_1_357' title='bbox 1284 2067 1357 2099; x_wconf 71' lang='lat' dir='ltr'>cum</span> 
     </span>
     <span class='ocr_line' id='line_1_74' title="bbox 789 2114 1356 2145; baseline 0.002 -1"><span class='ocrx_word' id='word_1_358' title='bbox 789 2114 907 2144; x_wconf 74' lang='lat' dir='ltr'>Pedius</span> <span class='ocrx_word' id='word_1_359' title='bbox 947 2114 1113 2145; x_wconf 85' lang='lat' dir='ltr'>Publicola</span> <span class='ocrx_word' id='word_1_360' title='bbox 1151 2121 1183 2144; x_wconf 88' lang='lat' dir='ltr'>et</span> <span class='ocrx_word' id='word_1_361' title='bbox 1221 2114 1356 2145; x_wconf 77' lang='lat' dir='ltr'>Messala</span> 
     </span>
    </p>
   </div>
   <div class='ocr_carea' id='block_1_7' title="bbox 771 2160 1358 2201">
    <p class='ocr_par' dir='ltr' id='par_1_13' title="bbox 771 2160 1358 2201">
     <span class='ocr_line' id='line_1_75' title="bbox 771 2160 1358 2201; baseline 0.003 -11"><span class='ocrx_word' id='word_1_362' title='bbox 771 2161 963 2201; x_wconf 39' lang='lat' dir='ltr'>,Corviuuffi</span> <span class='ocrx_word' id='word_1_363' title='bbox 974 2160 1068 2191; x_wconf 88' lang='lat' dir='ltr'>ambo</span> <span class='ocrx_word' id='word_1_364' title='bbox 1083 2160 1246 2191; x_wconf 80' lang='lat' dir='ltr'>clarissimi</span> <span class='ocrx_word' id='word_1_365' title='bbox 1257 2167 1358 2192; x_wconf 79' lang='lat' dir='ltr'>orato-</span> 
     </span>
    </p>
   </div>
   <div class='ocr_carea' id='block_1_8' title="bbox 787 2206 1358 2254">
    <p class='ocr_par' dir='ltr' id='par_1_14' title="bbox 787 2206 1358 2254">
     <span class='ocr_line' id='line_1_76' title="bbox 787 2206 1358 2254; baseline -0.004 -14"><span class='ocrx_word' id='word_1_366' title='bbox 787 2217 858 2254; x_wconf 71' lang='lat' dir='ltr'>res,</span> <span class='ocrx_word' id='word_1_367' title='bbox 873 2217 980 2239; x_wconf 77' lang='lat' dir='ltr'>causas</span> <span class='ocrx_word' id='word_1_368' title='bbox 998 2216 1068 2240; x_wconf 75' lang='lat' dir='ltr'>suas</span> <span class='ocrx_word' id='word_1_369' title='bbox 1087 2206 1260 2253; x_wconf 73' lang='lat' dir='ltr'>exsudent,</span> <span class='ocrx_word' id='word_1_370' title='bbox 1279 2207 1312 2240; x_wconf 82' lang='lat' dir='ltr'>h.</span> <span class='ocrx_word' id='word_1_371' title='bbox 1329 2217 1358 2238; x_wconf 72' lang='grc' dir='ltr'>ε,</span> 
     </span>
    </p>
   </div>
  </div>
 </body>
</html>
