1422 2528
127 121 192 158 246

1001 0 1028 22 ῥ’
1048 0 1146 14 Ἴ.”’”Ι”’
1158 0 1262 27 Ἶ),”Ἰᾼ“Ξ’

509 121 550 161 Q.
574 119 758 153 nomm
781 121 932 155 FLAcm

131 181 220 225 Quo
236 177 371 222 fortes,
386 176 526 226 quibus
540 177 742 215 adversum
759 178 901 216 bellum
919 178 1065 217 incidit.
1081 181 1189 218 Inter

134 241 301 276 Hectora
317 236 551 282 Priamiden,
573 237 783 275 animosum
807 248 919 288 atque
939 239 1038 277 inter
1055 239 1242 278 Achillem

136 300 199 334 Ira
217 296 287 332 fuit
305 295 474 346 capitalis
485 324 495 342 ,
515 305 557 333 ut
572 297 703 334 ultima
719 296 907 337 divideret
922 311 1042 346 mors,

136 361 224 396 Non
243 357 354 393 aliam
373 356 423 393 oh
441 366 609 403 causam,
627 354 700 393 nisi
712 356 814 407 quod
835 359 955 396 virtus
974 359 1014 396 in
1028 368 1191 410 utroque

139 423 294 458 Summa
311 417 392 453 fuit.
413 418 500 452 Duo
519 416 551 452 si
565 416 755 453 discordia
773 427 884 456 vexet
904 419 1065 466 inertes,
1291 423 1322 448 ¹5

140 482 218 516 Aut
236 478 267 514 si
283 474 498 525 disparibus
517 474 658 511 bellum
677 475 831 523 incidat,
851 487 893 516 ut
910 478 1087 516 Diomedi

143 541 238 576 Cum
259 535 376 585 Lycio
393 535 556 581 Glauco,
575 533 743 571 discedat
758 536 914 586 pigrior,
936 536 1036 574 ultro

142 595 369 635 Muneribus
383 593 539 644 missis).
553 597 672 631 Bruto
689 605 852 645 praetore
866 605 1016 635 tenente

145 658 272 696 Ditem
286 656 414 694 Asiam
431 654 466 701 4,
486 653 618 705 Rupili
636 663 673 692 et
689 654 792 694 Persi
811 669 880 707 par
899 666 1058 708 pugnat,
1073 656 1130 696 uti
1147 671 1223 696 non

152 864 240 897 quae,
253 850 368 894 procul
377 851 494 888 dubio,
508 853 662 882 sermonis
675 863 720 883 sa-

157 901 243 931 tirici
261 905 382 928 naturae
408 905 575 939 repugnat.
593 915 640 922 --
652 900 721 928 Hoc

159 945 277 977 etenim
300 952 372 974 sunt
389 955 499 974 omnes
511 944 585 986 jure
598 945 724 975 molesti

163 994 232 1033 Quo
242 990 348 1033 fortes
370 1001 382 1020 .·
402 992 509 1020 nescio
525 991 604 1030 quid
622 992 723 1021 inesse

160 1039 299 1070 intricati
330 1044 362 1068 et
392 1037 584 1067 subobscuri
611 1038 645 1067 in
675 1037 724 1067 his

162 1085 287 1122 verbis,
309 1084 448 1121 molesti,
474 1084 508 1115 h.
533 1095 559 1116 e.
581 1095 667 1114 acres
694 1090 725 1114 et

162 1142 324 1174 pugnaces
350 1132 543 1172 litigatores,
571 1138 643 1160 sunt
667 1129 726 1160 hoc

157 1179 250 1221 jure,
279 1177 311 1208 h.
334 1189 374 1215 e.‚
397 1177 508 1207 eodem
534 1178 606 1215 jure
633 1183 727 1207 utun-

163 1232 227 1262 tur,
242 1223 351 1255 eadem
368 1224 492 1253 ratione
505 1233 538 1252 se
554 1230 670 1265 gerunt
692 1233 727 1252 ac

152 1272 277 1314 sortes,
295 1269 430 1301 subaud.
451 1269 556 1306 duces,
578 1271 634 1310 qui
646 1270 724 1299 alter

161 1319 251 1349 alteri
262 1317 379 1348 nolunt
398 1315 528 1353 cedere;
553 1317 624 1356 quis
638 1314 723 1346 hona

159 1364 223 1395 fide
233 1364 415 1405 negaverit?
425 1362 491 1403 Qui
501 1362 617 1392 talibus
628 1362 726 1392 nebu-

158 1412 197 1441 lis
211 1421 277 1441 non
291 1409 514 1444 offenduntur,
535 1407 665 1449 prorsus
680 1409 727 1438 in-

161 1457 251 1498 digni
267 1463 343 1486 sunt
363 1455 480 1496 quibus
498 1455 572 1485 vere
592 1455 726 1495 pulchra

160 1511 192 1534 et
204 1501 369 1544 splendida
382 1502 539 1543 placeant.
550 1519 595 1524 —-
605 1500 728 1541 Irafuit

160 1549 327 1590 capitalis,
364 1556 398 1578 uc
429 1547 541 1578 ultima
574 1547 730 1578 divideret

163 1606 247 1627 mor-5
261 1606 271 1625 .·
284 1594 329 1626 ita
343 1604 484 1630 accensa,
499 1601 536 1623 ut
554 1592 621 1625 sola
635 1594 727 1623 alter-

164 1643 269 1674 utrius
301 1648 404 1672 morte
435 1641 580 1682 extingui
608 1647 726 1680 posset.

163 1691 276 1720 Fateor
289 1686 406 1718 iterum
422 1686 499 1717 mihi
515 1697 635 1727 neque,
647 1697 728 1717 mor-

165 1743 228 1766 tem
255 1745 327 1776 quoe
349 1733 430 1763 iram
454 1732 583 1770 dividit,
604 1743 726 1773 neque,

168 1788 300 1812 mortem
358 1779 506 1810 ultimam
559 1779 729 1819 approbari

166 1838 277 1870 posse,
299 1826 444 1868 quamvis
467 1825 594 1855 aliunde
619 1836 728 1856 sensus

164 1875 296 1915 liqueat,
320 1890 367 1896 —
391 1874 463 1902 Duo
484 1871 626 1902 inertes:
648 1872 729 1902 duos

165 1922 253 1950 viros
281 1921 431 1962 ignavos,
460 1919 518 1958 qui
545 1917 609 1948 tam
641 1917 729 1948 facile

165 1967 332 2008 placantur
348 1964 444 2006 quam
454 1966 645 2001 irascuntur,
655 1963 729 1994 cum

167 2019 302 2053 uterque
316 2012 395 2042 rixae
410 2018 559 2042 eventum
578 2011 667 2051 aeque
681 2021 729 2040 re·

166 2058 327 2089 formidet.
342 2059 431 2094 Duo,
449 2067 508 2098 pro
529 2057 620 2093 duos,
644 2064 678 2086 ut
695 2058 730 2086 iu

167 2104 282 2145 Virgil.
299 2104 424 2135 AEneid.
436 2106 499 2141 XI,
517 2103 602 2134 285:
618 2102 655 2132 Si
667 2103 730 2132 duo

163 2149 324 2191 pra’cerec'z
359 2150 440 2181 tales
481 2149 573 2180 ldaea
611 2149 733 2179 tulisset

169 2199 198 2230 T
195 2207 268 2229 erra
282 2196 382 2228 viros.
405 2214 452 2221 -
475 2196 541 2228 Αἲιι
559 2195 586 2226 si
598 2195 731 2236 dispari-

773 853 828 883 bus
841 852 957 884 bellum
973 852 1097 884 incidat
1110 864 1120 883 .·
1137 850 1192 884 εἰη
1205 854 1234 884 si
1247 853 1333 885 inter

774 899 854 930 duos
892 900 976 930 viros
1007 906 1164 930 certamen
1196 901 1331 939 ineatur,

775 956 913 986 quorum
935 946 1012 975 alter
1032 946 1129 976 altero
1147 946 1188 976 sit
1209 945 1332 977 fortior.

775 1009 822 1016 —
854 994 894 1022 Ut
930 991 1081 1022 Diomedi
1119 992 1196 1022 Cum
1238 991 1334 1032 chio

779 1038 900 1069 Glauco
915 1048 926 1066 :
947 1039 1102 1076 Glaucus,
1121 1039 1201 1080 regis
1223 1039 1334 1080 Lycio-

777 1095 849 1114 rum
873 1083 972 1122 filius,
995 1083 1067 1115 cum
1085 1085 1228 1123 Trojanis
1250 1085 1338 1115 auxi-

777 1131 871 1161 liator
888 1132 1043 1169 venisset,
1067 1131 1233 1161 commisso
1255 1141 1335 1172 prae-

778 1178 839 1214 lio,
858 1178 893 1206 in
907 1177 1095 1208 Diomedem
1112 1176 1247 1214 incidit,
1260 1176 1335 1207 {for-

779 1223 936 1254 tissimum
958 1223 1042 1253 inter
1061 1223 1188 1253 Graecos
1208 1223 1338 1254 bellato-

777 1281 861 1308 rem3
887 1271 977 1308 cujus
998 1276 1127 1310 aspectu
1145 1267 1190 1299 itai
1210 1270 1338 1300 territus

778 1324 841 1354 est,
865 1323 900 1346 ut
930 1315 969 1346 de
993 1325 1069 1357 pace
1095 1314 1198 1346 statim
1219 1316 1336 1357 egerit,

778 1374 814 1394 ac
847 1361 997 1392 Diomedi
1024 1372 1109 1392 arma
1140 1371 1195 1391 sua
1224 1372 1336 1400 aurea,

779 1410 912 1450 sumptis
928 1408 1014 1438 illius
1028 1409 1130 1447 aereis,
1147 1407 1234 1439 dono
1246 1407 1339 1439 dede-

779 1457 831 1487 rit.
849 1454 932 1485 Vide
948 1454 1036 1486 Iliad.
1053 1456 1111 1486 Vt.
1130 1453 1341 1485 —Discedac

774 1501 900 1543 pigrior
913 1512 924 1530 :
936 1501 1102 1531 amborum
1116 1501 1262 1543 ignavior
1273 1511 1339 1532 am-

779 1547 864 1589 plius
883 1558 950 1578 non
964 1547 1154 1585 contendet,
1176 1547 1339 1589 missisque

781 1594 862 1625 ιιίινὸ
877 1594 1079 1631 Mmeribus,
1101 1603 1210 1635 pacem
1222 1602 1342 1624 merca-

779 1640 881 1678 bitur,
905 1641 1064 1681 vitamque
1097 1639 1240 1672 redimet.
1266 1641 1340 1672 Non

780 1686 823 1717 ita
836 1687 985 1727 Rupilius
1003 1694 1034 1717 et
1050 1688 1172 1718 Persius
1181 1709 1190 1725 ,
1201 1685 1341 1725 ejusdem

782 1734 968 1763 constantiae
1001 1733 1188 1774 litigatores,
1228 1739 1260 1763 et
1301 1731 1342 1762 ad

781 1781 927 1810 Hectoris
937 1779 1135 1820 Achillisque
1147 1778 1340 1819 exemplum,

782 1826 842 1856 sibi
857 1825 995 1855 invicem
1015 1824 1124 1855 cedere
1147 1825 1256 1856 nescii.
1280 1824 1341 1855 Hic

782 1871 908 1902 tandem
926 1872 1057 1913 explicit
1077 1871 1206 1902 molesta
1229 1880 1341 1911 paren-

781 1918 889 1949 thesis.

829 1971 860 2001 4.
881 1966 979 1994 Bruto
991 1971 1132 2005 praetore
1144 1969 1272 1993 tenente
1283 1962 1341 1992 Di-

783 2018 846 2041 tem
869 2011 983 2040 Asiam
1011 2021 1022 2040 .-
1042 2012 1090 2041 M.
1112 2010 1228 2039 Brutus
1256 2015 1288 2039 et
1305 2010 1341 2040 C.

783 2058 923 2094 Cassius,
942 2067 980 2087 eo
1001 2067 1083 2086 anno
1107 2065 1171 2096 quo
1192 2056 1344 2086 Caesarem

783 2103 988 2139 occiderunt,
1007 2103 1185 2143 praetoriam
1209 2101 1344 2142 dignita-

783 2156 846 2179 tem
864 2149 1064 2180 exercebant.
1077 2146 1151 2178 Lata
1170 2148 1204 2177 in
1217 2147 1346 2179 Caesaris

782 2196 1002 2227 interfectores
1026 2195 1111 2236 lege,
1135 2193 1346 2224 discesserunt
