1422 2528
118 126 158 156 44

1135 0 1147 10 ,,,
1162 0 1166 5 .
1195 0 1282 22 1³³2ss

1195 28 1199 35 .

530 121 572 161 Q.
596 119 779 152 noRA-'rn
801 119 951 152 FLAcc1

221 177 388 227 Dignum
404 177 515 215 laude
533 177 658 215 virum
676 180 787 215 Musa
805 186 907 215 vetat
921 177 1039 224 mori,

227 238 330 274 Coelo
347 240 459 274 Musa
478 236 579 274 beat.
593 237 655 276 Sic
671 237 775 275 Jovis
795 237 953 275 interest
972 245 986 268 7

221 297 370 347 Optatis
384 296 504 347 epulis
523 296 684 346 impiger
700 297 902 343 Hercules3
1268 302 1300 328 3⁰

220 357 372 394 Clarum
389 355 615 405 Tyndaridae
633 356 736 394 sidus
756 355 803 393 ab
820 356 956 393 infimis

223 420 386 463 Quassas
402 416 568 466 eripiunt
584 407 800 466 aequoribus
818 425 936 463 rates;

220 479 386 514 Ornatus
404 475 518 513 viridi
537 484 708 526 tempora
720 476 900 526 pampino

218 535 346 582 Liber,
365 544 455 573 vota
468 535 589 574 bonos
610 536 715 573 ducit
735 535 783 573 ad
798 535 933 573 exitus.

118 702 187 726 reta
215 697 459 725 Fortunatorum
490 705 673 731 nemorum,

114 741 265 782 sedesque
279 741 403 775 beatas,
422 751 493 780 quae
516 741 576 770 sub
594 739 676 770 terra

113 786 130 817 a
154 787 308 828 Virgilio,
332 787 456 817 AEneid.
494 788 558 823 Vl,
588 787 672 823 638,

112 835 147 863 in
174 833 364 875 quibusdam
393 832 506 862 insulis
532 828 677 873 priorum

113 886 242 909 aetatum
270 880 438 919 imaginem
466 878 676 908 referentibus

112 926 152 956 ab
166 927 317 962 Homero,
328 924 442 965 Odyss.
458 920 489 960 ὃ,
504 925 580 961 563,
593 932 623 954 et
637 924 676 954 ab

111 971 251 1004 Hesiodo
274 965 351 1016 Εργ.
376 981 456 1008 170,
480 972 677 1001 constituun-

111 1025 174 1050 tur.
192 1018 252 1048 Hie
269 1019 401 1048 Homeri
419 1025 450 1048 et
464 1016 594 1047 Hesiodi
609 1027 678 1046 sen-

110 1065 241 1096 tentiam
267 1065 419 1095 Horatius
443 1064 596 1103 sequitur.
613 1063 676 1093 Ne·

111 1122 173 1152 que
196 1110 271 1141 inde
299 1111 424 1151 colligas
456 1120 524 1139 eam
559 1110 677 1139 Nostro

111 1163 250 1187 mentem
262 1156 371 1194 fuisse,
384 1163 420 1186 ut
433 1156 518 1186 AEaci
531 1154 678 1195 apotheo-

109 1205 169 1233 sim
179 1202 278 1233 veluti
290 1213 413 1232 merum
423 1209 587 1242 poetarum
595 1210 677 1230 com-

111 1256 254 1279 mentum
291 1248 448 1278 irrideret.
487 1247 678 1277 Universum

111 1296 161 1325 sni
181 1295 328 1325 carminis
345 1300 568 1336 argumentum
590 1293 678 1322 illus-

113 1342 154 1371 tri
177 1341 325 1382 exemplo
349 1339 536 1375 confirmat,
557 1339 678 1369 scilicet

113 1398 180 1418 non
198 1397 255 1428 per
269 1394 376 1428 poetas
397 1396 485 1416 suam
505 1386 590 1415 AEaci
610 1386 676 1423 jus-

110 1435 188 1464 titiae
201 1433 377 1463 mercedem
396 1433 547 1463 tributam
559 1431 655 1461 fuisse
667 1441 675 1469 3

110 1479 165 1510 sed
183 1480 251 1518 ejus
274 1490 392 1509 nomen
417 1485 449 1509 et
473 1478 584 1508 merita
603 1487 677 1506 cum

112 1527 243 1566 praemio
259 1525 297 1555 iis
313 1535 463 1556 concesso
483 1534 540 1564 per
557 1534 610 1553 eos
626 1533 676 1553 so-

113 1572 160 1602 los
174 1573 362 1602 innotuisse.
380 1570 479 1612 Quod
493 1570 510 1600 ὲ
530 1579 621 1599 versu
638 1569 678 1598 li-

113 1624 207 1658 quet:
221 1617 363 1660 Dignum
379 1616 475 1648 laude
493 1615 600 1647 virum
610 1616 682 1646 Mu-

729 705 767 724 sa
789 701 882 724 vetat
904 692 985 724 mori
991 705 1005 730 ,·
1023 694 1079 734 qui
1099 693 1231 734 quidem
1258 694 1296 725 ad

730 741 975 781 explicationem
996 750 1147 770 versuum
1162 750 1295 780 sequeu-

730 788 810 816 tium
841 785 1129 816 accommodandus
1161 781 1219 816 esf.
1249 804 1296 811 —

732 833 817 862 Coelo
841 834 933 862 Musa
957 831 1032 862 beat
1046 843 1058 861 :
1073 842 1140 862 non
1161 833 1197 862 iu
1213 833 1295 863 eoelo

730 879 884 915 collocat,
909 877 981 915 sed,
1009 877 1098 919 quod
1129 878 1297 909 hominnm

729 931 873 965 respectu
886 924 970 954 idem
982 925 1064 954 valet
1074 947 1086 961 ,
1101 925 1182 954 coelo
1198 923 1295 955 collo-

729 977 834 1000 catum
845 970 1000 1008 declarat,
1014 977 1045 1000 et
1056 970 1101 1000 sio
1110 970 1296 1007 beatiorem,

730 1023 822 1053 vota,
841 1027 966 1057 preces,
987 1015 1143 1046 sacrificia
1169 1017 1205 1046 in
1229 1017 1296 1056 ejus

730 1063 885 1093 honorem
899 1062 1106 1103 provocando
1116 1085 1124 1100 ,
1139 1061 1251 1094 efficit.

779 1119 809 1146 7.
827 1107 880 1138 Sic
905 1107 990 1138 Jovis
1010 1108 1160 1138 interest:
1186 1107 1297 1145 eodem

731 1164 843 1190 sensu,
869 1154 908 1184 de
933 1154 1090 1191 Hercule,
1108 1153 1147 1184 de
1169 1155 1298 1185 Castore

731 1206 762 1229 et
780 1200 925 1238 Polluce,
941 1199 981 1229 de
1001 1199 1123 1230 Baccho
1149 1199 1189 1230 ad
1215 1200 1298 1230 divi-

731 1256 790 1275 nos
802 1245 939 1276 honores
951 1246 1068 1276 evectis
1087 1246 1298 1287 interpretan-

731 1291 809 1321 dum
836 1299 952 1323 est.—-
974 1291 1067 1322 Liber
1090 1299 1171 1322 voca
1199 1291 1300 1323 bonos

729 1338 818 1368 ducit
831 1338 878 1367 ad
890 1338 992 1368 exieus
1004 1349 1014 1368 .·
1026 1339 1106 1368 votis
1116 1338 1297 1368 mortalium

729 1384 919 1424 respondere
955 1391 987 1415 et
1022 1383 1106 1414 felici
1137 1384 1299 1415 cumulare

730 1431 817 1460 exitu
824 1453 832 1467 ,
841 1431 987 1462 Numinis
995 1430 1197 1462 est.0bse1·va
1204 1430 1299 1471 quium

729 1475 815 1506 varia
831 1474 1005 1517 periphrasi
1018 1476 1158 1508 eamdem
1175 1483 1302 1508 senten·

729 1523 804 1552 tiam
835 1525 1010 1563 exprimat,
1045 1523 1155 1554 heroas
1182 1523 1297 1564 nempe

729 1569 801 1599 illos
825 1579 904 1609 quos
926 1571 1104 1600 nominavit
1121 1569 1295 1600 divinitatis

730 1615 854 1646 honore
874 1622 986 1647 auctos
1006 1615 1112 1647 fuisse.

1293 0 1355 15 “⁷3¹0
1369 0 1383 12 -Ὰ
