1404 2522
0 0 141 49 wrm..
170 0 172 3 ,
228 6 242 17 *α
275 0 289 2 ..
323 0 325 4 ,
371 0 376 9 ,

26 27 34 36 γι
155 26 158 27 ’

3 48 34 70 τι.
66 53 71 58 .
205 75 217 84 .

382 93 387 108 l

653 166 680 193 V

49 237 117 281 rit.
138 237 284 292 Quare
309 249 399 277 non
421 232 618 288 deerant,
646 233 722 291 qui
748 233 868 274 tanta
889 232 1097 291 principis
1123 231 1262 274 facili-

51 317 136 348 tate
145 303 370 363 etingenio
382 312 622 356 uterentur,
634 299 873 343 doctissimi
881 300 1176 359 liberrimique
1186 300 1269 343 ho-

51 373 232 426 mines¹;
245 369 352 414 adet»
370 380 419 412 ut
441 380 485 411 et
510 368 731 411 Graeculus
752 379 894 425 poeta,
914 379 964 410 ut
981 366 1166 421 videtur,
1180 382 1271 423 non

51 439 188 482 malus
201 471 212 493 ,
227 437 330 480 artis
345 434 503 477 fiducia
522 436 711 477 carmina
726 436 890 492 ubique
905 435 1058 475 Caesari
1080 434 1274 493 porrige-

44 517 132 561 ret,
141 506 242 548 licet
254 502 330 546 diu
343 514 454 545 esset
470 503 716 556 contentus,
729 500 850 560 quod
863 501 983 543 bono
995 500 1135 542 solum
1149 501 1273 544 vultu

54 587 105 614 ea
128 570 441 629 exciperentur.
471 567 668 610 Tandem
697 567 797 610 cum
823 583 995 610 carmen
1023 568 1047 609 e
1066 568 1274 626 principis

54 654 187 681 manu
199 637 288 680 suis
300 646 599 694 reponeretur,
615 650 669 676 en
689 635 878 677 hominis
895 635 1084 676 frontem
1100 645 1143 675 et
1163 645 1276 676 astu-

55 707 159 750 tias!
181 703 479 748 liberalitatem
497 717 627 760 quam
646 701 858 744 hactenus
875 702 919 744 in
936 717 981 743 se
998 701 1159 744 nullam
1176 701 1274 744 fue-

55 786 123 818 rat
133 783 349 833 expertus,
363 771 408 813 in
421 772 629 812 Caesarem
647 770 857 824 exercuit,
873 769 1112 828 depromtis
1127 770 1209 828 ipsi
1225 785 1277 812 ex

54 843 144 885 imo
169 839 378 898 marsupii
404 838 542 880 fundo
570 854 644 881 sex
671 838 877 897 dragmis,
901 837 1146 896 additisque
1175 854 1275 881 mu·

54 909 151 952 neri
164 907 321 960 verbis,
337 921 452 963 quae,
472 917 523 948 ut
538 904 754 961 jucunda,
775 905 978 948 sestertiis
997 915 1173 948 centum
1188 905 1278 947 mil-

54 975 170 1018 libus
192 985 465 1018 remunerata
485 984 587 1016 sunt
601 981 632 1015 2.
655 974 716 1015 At
737 972 844 1031 quid
862 976 950 1015 tam
971 973 1101 1031 longa
1117 960 1296 1014 circui-''

55 1044 176 1086 tione
205 1053 318 1097 utar,
353 1041 452 1084 cum
481 1041 615 1083 cuivis
639 1042 838 1083 nostrum
864 1041 988 1083 facile
1014 1041 1058 1082 in
1086 1051 1276 1083 mentem

54 1110 232 1153 veniant
250 1109 419 1168 Virgilii
443 1119 486 1150 et
505 1108 696 1162 Horatii,
718 1108 794 1166 qui
818 1108 898 1150 soli
918 1107 1063 1150 adhuc
1092 1106 1278 1149 dubium

56 1177 198 1221 facere
209 1178 396 1236 possint,
413 1192 467 1220 an
488 1176 570 1235 ipsi
589 1179 613 1218 a
631 1178 748 1218 tanta
766 1177 973 1235 principis
990 1175 1279 1234 indulgentia,

61 1259 115 1286 an
135 1245 242 1287 vero
263 1246 401 1286 Caesar
415 1243 470 1286 ab
491 1255 582 1286 arte
598 1258 751 1285 eorum
773 1243 1006 1285 immortali
1024 1243 1121 1300 plus
1140 1241 1279 1284 laudis

58 1311 391 1370 splendorisque
409 1312 539 1354 fuerit
555 1311 843 1354 consecutus?
857 1310 943 1352 Sed
958 1310 1010 1351 de
1025 1310 1179 1352 Flacco
1195 1309 1281 1352 hoc

59 1389 257 1437 tempore
291 1375 431 1418 solum
477 1376 617 1418 dicam
631 1410 642 1430 ,
675 1388 726 1418 ut
759 1378 834 1434 qui
872 1393 997 1418 aures
1025 1376 1282 1435 animosque

6 1459 16 1469 ·
57 1456 223 1488 vestros
249 1444 410 1486 morari
437 1459 527 1485 non
555 1443 793 1496 injucunde
822 1445 980 1501 possit,
1001 1445 1036 1486 si
1055 1443 1110 1486 ad
1129 1446 1279 1504 singu·
1308 1454 1326 1470 ’Χ

58 1511 161 1554 laria
183 1509 399 1569 quaedam,
419 1524 515 1567 quae
540 1509 594 1552 de
620 1526 672 1553 eo
695 1510 934 1569 proferam,
963 1511 1184 1571 paulisper
1213 1525 1280 1556 at·

59 1576 260 1620 tendatis.

120 1645 188 1686 Ac
210 1645 350 1702 primb
370 1642 565 1702 quidem,
591 1643 646 1686 ad
670 1644 750 1686 viri
765 1643 938 1687 laudem
955 1660 1132 1704 quoque
1158 1645 1282 1702 facit,

61 1710 182 1771 quod
197 1711 393 1765 venusii,
405 1711 594 1754 obscuro
615 1714 716 1755 sane
733 1713 910 1771 oppido,
927 1724 1054 1755 natus
1076 1713 1142 1755 sit.
1160 1715 1284 1757 Com-

60 1794 194 1820 mune
221 1778 308 1820 hoc
329 1778 390 1820 illi
413 1778 496 1821 fuit
518 1796 618 1822 cum
632 1780 831 1839 plurimis
861 1779 1208 1839 doctissimisque
1237 1780 1282 1823 id

63 1845 271 1903 temporis
291 1845 415 1900 viris,
437 1847 511 1904 qui
525 1847 619 1889 loca
643 1863 722 1906 per
736 1862 781 1889 se
798 1847 983 1890 obscura
1006 1848 1280 1891 incunabulis

61 1913 151 1955 suis
174 1912 443 1956 illustrarunt
457 1911 489 1957 3.
510 1916 566 1958 Et
588 1915 623 1958 si
644 1917 783 1958 Roma
809 1926 941 1974 caput
969 1919 1099 1974 supra
1130 1931 1281 1959 omnes

62 1981 194 2022 urbes
216 1980 436 2033 extulerit,
462 1997 551 2023 non
577 1982 664 2024 hoc
693 1997 738 2024 se
758 1983 934 2024 nomine
950 1983 1110 2035 jactare
1126 1982 1279 2025 admo—

66 2046 171 2090 dum
192 2046 481 2106 praeferreque
501 2050 704 2092 omnibus
729 2060 895 2107 potest,
924 2049 1042 2108 quod
1069 2051 1160 2109 ipsa
1181 2065 1283 2109 pro-

134 2226 178 2256 V.
197 2226 286 2257 Suet.
301 2226 338 2256 in
354 2224 420 2255 vila
438 2226 580 2258 Horatii.
605 2243 653 2250 ——-
667 2233 681 2249 ²
703 2226 866 2265 Mam-ob„
886 2228 1014 2258 Saturn.
1035 2237 1072 2265 2,
1092 2233 1123 2264 4.
1142 2226 1282 2268 Virgilio

61 2289 122 2320 pro
136 2289 183 2310 xx
196 2280 342 2311 versibus
356 2281 501 2322 quinque
517 2291 695 2312 aureorum
710 2282 810 2312 millia
825 2281 924 2312 dedit.
943 2279 1013 2305 -3
1030 2284 1070 2314 V.
1088 2283 1175 2313 Suet.
1193 2281 1224 2312 d.
1240 2281 1260 2312 l.
