1422 2528
567 122 608 161 Q
633 121 816 153 HORATII
840 120 993 153 FLAccl

282 178 475 224 Quantum
487 189 610 227 neque
627 186 710 214 atro
726 177 916 215 delibutus
935 177 1114 215 Hercules

281 237 388 274 Nessi
403 250 557 284 cruore,
573 251 643 275 nec
661 238 797 276 Sicana
812 238 957 275 fervida

283 299 425 334 Furens
443 297 479 334 in
496 299 606 335 AEtnzt
619 297 780 336 flamma.
798 300 875 344 Tu,
894 296 1014 336 donec
1033 297 1128 336 cinis

282 355 478 405 Injuriosis
496 355 624 394 aridus
646 357 766 394 ventis
784 356 896 403 ferar,

283 415 390 453 Cales
406 416 557 454 venenis
571 416 721 454 officina
735 416 931 455 Colchicis.
1330 427 1361 452 35
1406 453 1414 465 Ι

285 477 380 521 Quae
395 475 498 512 finis?
518 483 584 512 aut
601 475 704 525 quod
723 488 781 513 me
799 484 924 514 manet
942 477 1174 527 stipendium
1190 476 1229 514 ⁸?

283 535 410 572 Effare
421 551 431 583 ;
443 535 564 585 jussas
581 548 667 572 cum
683 536 756 573 fide
773 549 898 586 poenas
914 537 1032 583 luam,

281 597 436 632 Paratus
454 596 629 646 expiare,
645 598 711 633 seit
730 596 944 645 poposceris

282 656 441 691 Centum
453 655 654 704 juvencos,
673 655 752 692 sive
771 654 941 692 mendaci
959 656 1039 705 iyrzi

281 715 393 752 Voles
409 716 554 761 sonari3
576 724 616 752 tu
636 715 771 766 pudica
783 744 792 761 ‚
813 724 853 752 tu
868 715 1000 765 proba,
1333 727 1363 754 ιο

282 773 565 811 Perambulabis
584 784 683 812 astra
699 773 802 812 sidus
818 787 986 812 aureum,

284 834 436 872 Infamis
456 836 606 872 Helcnae
623 843 636 864 ⁹
656 836 789 872 Castor
807 833 971 872 offensus
986 834 1068 872 vice
1081 864 1089 878 ,

179 1006 333 1037 Hercules
348 1005 444 1036 Nessi
457 1016 567 1037 cruore
578 1017 589 1036 .·
605 1006 677 1037 vide
688 1016 741 1036 su-

176 1052 234 1094 pra
247 1053 312 1090 111,
333 1062 384 1090 17.
404 1069 446 1076 -
462 1054 530 1083 Nec
545 1051 743 1094 Sicanaser-

177 1097 250 1129 vida
267 1101 386 1129 Furens
399 1098 433 1128 in
452 1096 557 1129 AEtnd
567 1099 712 1142 flamma
730 1109 742 1128 :

176 1151 316 1176 notatam
338 1147 371 1175 in
389 1144 439 1174 his
461 1145 566 1174 verbis
586 1145 743 1175 confusio-

178 1201 252 1222 nem
291 1190 420 1221 sustulit
457 1191 543 1220 solus
581 1192 743 1232 signorum

179 1237 483 1279 typographicorum
522 1247 599 1266 usus
617 1259 626 1274 ,
672 1247 744 1277 quae

177 1282 274 1324 igitur
314 1282 463 1313 adhibere
500 1281 558 1312 citr
599 1289 745 1323 tantope-

179 1330 213 1360 re
238 1336 367 1360 caeteros
403 1330 592 1369 interpretes
621 1329 745 1370 piguit?

177 1394 224 1400 —
257 1378 302 1406 Tu
333 1386 345 1406 :
382 1385 454 1405 cum
490 1374 648 1415 emphasi;
689 1381 741 1410 eu,

179 1433 274 1464 quam
292 1423 372 1452 tanti
389 1421 516 1451 dolores
538 1420 665 1451 flectere
689 1420 745 1451 de-

179 1469 292 1499 berent
303 1491 311 1506 ‚
321 1475 380 1499 etc.
391 1485 438 1491 --
451 1466 535 1498 einis
553 1466 660 1496 aridus
671 1478 684 1498 .·
695 1467 745 1497 hae

181 1525 273 1546 voces
287 1513 305 1544 a
319 1514 415 1555 supra
434 1513 525 1543 dictis
549 1512 745 1544 derivantur.

180 1560 323 1591 —Cales
331 1559 467 1603 officina
481 1570 492 1590 .-
506 1559 646 1600 elliptice
655 1582 663 1596 ,
675 1569 745 1600 pro,

180 1618 214 1638 es
231 1606 309 1637 mihi
326 1606 417 1647 quasi
440 1604 567 1636 officina
578 1627 587 1642 ,
610 1616 681 1646 quae
699 1615 748 1635 ca-

180 1654 226 1685 let
244 1651 381 1683 venenis
399 1651 555 1683 Colchicis
562 1663 575 1688 ;
592 1651 627 1681 in
641 1651 747 1681 elabo-

183 1699 286 1732 randis
301 1697 452 1729 adversus
474 1708 524 1728 me
542 1699 671 1728 venenis
683 1708 750 1729 non

182 1744 287 1778 miuus
301 1744 423 1775 assidue
440 1743 580 1775 insudas.

230 1793 262 1823 8.
294 1791 389 1832 Quod
411 1802 463 1821 me
491 1797 602 1821 manet
630 1788 749 1830 stipen-

182 1838 270 1870 dium
280 1841 298 1868 ,ν’
312 1847 377 1878 quo
395 1837 498 1878 pretio
511 1847 567 1878 per
581 1842 611 1866 te
628 1835 750 1867 indicto

183 1883 206 1915 ‘a
219 1884 416 1914 cruciatibus
433 1884 510 1913 meis
531 1883 687 1914 redimar?
704 1900 752 1906 —-

183 1933 295 1961 ,lassas
318 1940 389 1959 cum
402 1929 475 1971 fide
498 1939 615 1970 poenas
637 1928 723 1958 luam
738 1939 750 1958 :

184 1986 418 2018 quamcumque
446 1975 644 2006 liberationis
675 1985 752 2005 meae

185 2021 362 2053 mercedem
390 2023 590 2063 poposceris,
616 2019 752 2051 fideliter

186 2069 316 2100 solvam.
342 2084 389 2092 --
415 2067 486 2098 Sive
511 2067 662 2098 mendaci
682 2065 752 2106 lyrd

190 2114 282 2146 Voles
296 2113 409 2144 sonari
420 2124 432 2144 .·
447 2115 483 2144 in
501 2112 537 2143 ea
551 2124 647 2151 voce,
662 2123 752 2144 men—

188 2160 280 2197 daei,
295 2167 356 2190 stat
370 2161 466 2190 totius
474 2160 542 2190 loci
556 2160 667 2198 jocus3
678 2158 753 2190 siad

188 2207 345 2249 praeterita
360 2207 468 2239 Nostri
485 2207 622 2237 carmina
639 2206 753 2237 refera—

797 1012 859 1043 tur,
878 1007 988 1036 seriam
1011 1007 1247 1037 excusationem
1274 1006 1363 1037 exhi-

795 1052 871 1083 bere
891 1052 1018 1083 videtur
1033 1059 1065 1083 et
1085 1054 1230 1094 priorum
1248 1060 1361 1084 eontu-

796 1099 960 1128 meliarum
978 1100 1242 1130 retractationem.
1260 1100 1310 1137 Si,
1323 1098 1362 1128 ad

795 1154 830 1174 ea
845 1155 916 1184 quae
933 1151 1112 1185 sequuntur
1125 1145 1218 1186 (quae
1232 1155 1304 1176 vera
1315 1151 1363 1175 est

796 1191 920 1220 Horatii
961 1191 1162 1231 sententia),
1197 1198 1359 1221 cruentam

795 1237 931 1266 ironiam
946 1243 1158 1277 reprmentat.
1169 1235 1254 1267 Dum
1276 1237 1361 1267 enim

798 1281 960 1313 Canidiam
972 1303 981 1319 ‚
998 1282 1087 1322 quasi
1106 1282 1292 1324 poeuitentia
1310 1283 1362 1314 ad-

798 1335 902 1366 actus,
941 1327 1091 1359 laudibus
1122 1329 1263 1359 elaturus
1298 1336 1362 1366 est,

797 1374 883 1404 illam
912 1375 1070 1404 acerrimis
1091 1375 1160 1405 telis
1181 1376 1307 1416 pungit,
1332 1382 1365 1406 et

791 1420 945 1461 pudicam
980 1420 1180 1462 probamque
1218 1421 1366 1452 mendaci

799 1468 936 1497 carmine
947 1466 1149 1507 praedicando
1158 1490 1167 1503 ,
1179 1466 1364 1498 dissolutam

799 1513 1046 1554 sceleratamque
1070 1511 1236 1555 significat.
1251 1530 1298 1537 —
1318 1514 1366 1544 Si-

798 1559 856 1589 dus
877 1569 1008 1589 aureum
1030 1569 1041 1589 .·
1064 1565 1113 1596 te,
1135 1566 1170 1590 ut
1193 1559 1365 1602 fulgentem

799 1606 940 1642 stellam,
960 1604 1054 1646 digna
1075 1605 1258 1646 apotheosi,
1280 1613 1368 1637 caete·

801 1653 843 1682 ris
858 1650 1015 1681 sideribus
1027 1652 1173 1682 inseram.
1185 1653 1367 1682 —Peram-

801 1697 922 1727 bulabis
936 1704 1025 1727 astra
1040 1708 1051 1727 :
1064 1697 1222 1728 coelestem
1237 1708 1366 1729 cursum

802 1742 970 1786 magnifice
982 1744 1137 1775 institues.

850 1801 881 1831 9.
898 1788 1034 1831 lnfizmis
1042 1789 1172 1820 Helena
1183 1801 1195 1820 .·
1207 1799 1279 1831 quae
1288 1811 1297 1827 ,
1304 1789 1368 1829 jam

803 1847 860 1877 per
873 1847 924 1874 se,
939 1843 975 1866 ut
987 1835 1145 1873 adultera,
1162 1842 1198 1866 ut
1217 1835 1319 1875 Trojoe
1337 1845 1369 1867 ec

800 1882 915 1923 patre'ae
945 1881 1121 1912 communis
1142 1881 1300 1921 Erynnis,
1323 1883 1371 1913 in-

805 1929 906 1958 famiae
921 1927 1062 1964 addicta,
1082 1927 1252 1958 Stesichori
1273 1929 1369 1959 versi-

804 1974 864 2005 bus
876 1974 1034 2004 diffamata
1048 1973 1159 2005 fuerat.
1173 1973 1369 2005 Stesichorus

804 2027 898 2062 poeta
926 2030 1052 2051 carmen
1079 2018 1119 2050 de
1139 2019 1257 2050 Helena
1272 2022 1372 2061 scrip·

805 2074 903 2104 serat,
922 2067 956 2096 in
969 2076 1034 2107 quo
1047 2075 1115 2096 eam
1129 2066 1228 2096 facem
1243 2067 1371 2105 Trojani

806 2113 882 2143 belli
904 2112 1028 2143 dicebat
1056 2113 1241 2144 exstitisse:
1268 2112 1370 2143 oculis

806 2158 942 2189 subinde
969 2164 1080 2199 captus
1104 2157 1276 2188 recantavit
1299 2167 1370 2198 quae

807 2206 980 2243 cecinerat,
1005 2204 1087 2235 hauc
1114 2214 1240 2247 poenam
1266 2204 1368 2240 sibij·
