1422 2528
189 135 255 166 204

572 133 611 172 Q.
637 130 819 179 HoRATn
843 133 992 166 FLAccl

185 186 423 224 Ponderibus
444 188 685 239 modulisque
702 191 778 228 suis
795 192 892 228 ratio
907 193 1049 230 utitur?
1078 204 1132 238 ac,
1152 205 1214 230 res

186 249 239 284 Ut
253 260 413 297 quaeque
433 257 488 285 est
499 277 508 295 ,
529 249 582 285 ita
598 250 792 300 suppliciis
807 251 940 288 delicta
962 254 1136 302 coepcet?

186 307 226 345 Si
243 307 329 356 quis
347 321 433 344 eum
451 322 622 353 servum,
644 310 808 359 patinam
824 311 888 360 qui
906 312 1036 348 tollere
1049 312 1174 361 jussus
1192 319 1234 358 ¹⁹,

1304 320 1370 345 *80

186 369 357 405 Semesos
380 367 500 417 pisces
516 369 761 418 tepidumque
780 370 986 419 ligurrierit
1003 371 1084 420 jus,

186 428 234 464 In
250 439 364 463 cruce
383 427 549 477 suffigat,
570 427 746 465 Labeone
762 429 928 466 insanior
944 431 1043 467 inter

186 489 305 525 Sanos
323 487 482 524 dicatur.
499 487 651 534 Quanto
668 488 740 524 hoc
756 489 932 526 furiosius
951 499 1064 539 atque

186 548 312 598 Majus
325 555 522 597 peccatum
535 551 607 584 est!
627 548 783 584 Paulum
798 547 955 597 deliquit
975 550 1137 595 amicus,

190 606 305 653 Quod
324 606 396 643 nisi
415 606 619 651 concedas,
634 606 799 643 habeare
816 607 1000 653 insuavis3
1021 607 1180 645 acerbus
1336 615 1367 642 85

191 667 316 706 Odisti
333 675 370 703 et
387 667 505 716 sugis,
519 676 560 703 ut
576 669 767 703 Rusonem
783 666 934 703 debitor
949 667 1059 704 aeris?

186 726 283 774 Qui,
303 724 396 771 nisi,
411 728 496 763 cum
514 725 638 763 tristes
654 725 791 762 misero
805 739 942 763 venere
962 726 1151 773 Calendae,

184 786 402 824 Mercedem
418 794 482 823 aut
498 798 671 822 nummos
688 785 787 822 unde
805 785 910 822 unde·
922 785 1100 832 extricat,
1119 797 1262 823 amaras

186 850 367 886 Porrecto
377 845 510 896 jugulo
525 845 718 893 historias,
735 845 906 895 captivus
923 854 983 894 ut,
997 844 1116 883 audit.

185 1043 294 1077 excidi
331 1043 461 1085 penitics
496 1043 613 1075 vitium
647 1044 702 1075 irae
741 1057 753 1076 .-

184 1091 342 1133 siquidem
378 1092 440 1128 ira,
478 1097 572 1131 atque
615 1092 674 1121 alia
708 1092 751 1121 vi-

182 1139 245 1175 tia,
276 1137 382 1178 pravis
418 1137 602 1166 homiuibus
638 1138 750 1175 insita,

182 1182 311 1225 penitus
324 1182 475 1212 eradicari
494 1190 674 1222 nequeunt,
689 1189 748 1213 etc.

184 1228 355 1261 Concludit
386 1239 452 1258 esse
484 1228 599 1268 partim
628 1229 662 1257 in
686 1228 753 1258 aliis

182 1274 311 1305 ferenda
337 1281 368 1305 et
391 1274 618 1311 condonanda,
639 1274 752 1314 partim

184 1320 374 1362 corrigenda
389 1319 550 1350 moderate
561 1343 569 1356 ‚
587 1327 618 1350 et
634 1330 692 1359 pro
708 1330 754 1349 ra-

183 1368 274 1397 tione
299 1367 422 1407 culpae,
442 1376 514 1406 quae
530 1365 615 1409 ⁹alias
638 1366 751 1402 levior,

183 1412 259 1443 alias
286 1413 413 1454 gravior
443 1418 504 1448 est,
531 1422 598 1441 non
630 1411 753 1452 semper

185 1458 295 1489 eadem
305 1465 337 1488 et
349 1468 415 1499 par,
432 1464 470 1487 ut
482 1457 580 1488 Stoici
593 1457 754 1495 volebant,

186 1503 299 1535 contra
322 1514 419 1544 quos,
445 1501 506 1532 hac
525 1502 648 1543 arrepta
669 1513 756 1533 occa-

184 1551 287 1587 sione,
301 1549 444 1591 disputat
458 1550 492 1579 in
505 1556 647 1579 extremo
662 1549 756 1587 hujus

185 1597 288 1627 satirae
309 1594 385 1626 fine.
409 1611 456 1619 —
480 1597 540 1625 Res
561 1597 602 1625 Ut
622 1605 755 1635 quaeque

185 1649 233 1673 est
256 1653 270 1672 .·
296 1641 390 1683 culpa
413 1647 472 1678 est,
499 1651 555 1670 seu
579 1641 673 1679 levis,
698 1651 754 1671 seu

185 1688 300 1730 gravis.

235 1744 288 1766 ω.
312 1732 468 1764 Patinam
487 1732 545 1774 qui
565 1733 674 1764 tollere
691 1731 756 1774 jus-

181 1790 235 1811 sus
255 1791 268 1810 :
295 1781 353 1821 qui
376 1779 548 1810 auferendo
570 1781 709 1820 patinam
733 1778 750 1808 ὸ

182 1824 309 1864 mensa,
327 1825 448 1866 aliquid
467 1825 580 1855 ferculi
596 1825 677 1855 clam
695 1835 750 1854 vo-

184 1879 244 1903 rat.
258 1889 306 1896 —-
327 1871 513 1913 Ligurtierit
537 1881 548 1900 .·
565 1870 671 1912 digitis
692 1871 751 1900 lin-

182 1917 306 1959 gendo,
334 1923 389 1947 aut
417 1916 586 1947 lambendo
620 1915 747 1957 lingua,

180 1963 333 1995 hauserit,
349 1980 395 1987 -
415 1963 564 1993 Labeone
580 1962 726 1992 insanior
738 1973 750 1992 .·

180 2010 341 2040 Antistius
355 2008 460 2039 Labeo
472 2031 481 2045 ‚
503 2009 751 2048 jurisconsultus

181 2056 304 2097 peritus
323 2055 378 2085 ille
393 2054 538 2096 quidem,
557 2061 588 2085 at
603 2055 750 2095 Augusto

181 2100 342 2138 infensus,
359 2102 394 2131 in
409 2111 504 2141 quem
519 2100 617 2130 multa
629 2099 752 2130 dixerat

180 2147 343 2188 proterve.
361 2163 408 2171 —-
426 2146 554 2188 Quanti>
577 2145 636 2176 Ιιοο
645 2145 748 2187 surio-

181 2192 246 2223 sim
268 2204 280 2223 .·
307 2192 384 2230 Ιιοσ,
408 2192 442 2222 id
464 2200 529 2230 est,
558 2191 644 2223 istud
666 2191 753 2233 quod

799 1045 876 1076 mox
900 1044 1071 1076 dicendum
1092 1051 1155 1083 est3
1176 1043 1273 1077 nimia
1291 1046 1364 1090 erga

800 1093 936 1122 amicum
973 1091 1086 1122 leviter
1127 1092 1365 1133 delinquentem

799 1139 956 1168 severitas.
975 1155 1022 1161 —-
1049 1138 1144 1178 Quod
1167 1137 1227 1168 nisi
1253 1149 1365 1168 conce-

800 1183 859 1212 das
880 1193 888 1214 z
907 1183 960 1213 cui
980 1193 1074 1213 noxae
1091 1183 1152 1212 nisi
1176 1185 1298 1214 veniam
1313 1183 1365 1214 de-

799 1228 892 1259 deris.
920 1245 967 1252 —-—
996 1231 1153 1259 Rusonem
1169 1240 1180 1259 .·
1198 1230 1366 1260 foenerato-

800 1285 865 1304 rem
887 1275 1039 1315 aliquem,
1055 1274 1254 1316 eundemque
1269 1276 1364 1316 pessi-

800 1331 886 1350 mum
907 1321 1113 1358 historicum,
1137 1328 1191 1351 aut
1213 1321 1367 1352 fabulato-

801 1377 876 1397 rem.
892 1384 939 1389 --
958 1366 1071 1396 Tristes
1091 1366 1244 1397 Calendae
1261 1377 1272 1396 .·
1290 1365 1364 1408 quia

803 1412 949 1442 Calendis
970 1423 1072 1442 usurae
1092 1412 1305 1444 solvebantur.
1319 1430 1365 1437 —

802 1458 982 1488 Mercedem
1010 1466 1066 1489 aue
1095 1455 1241 1489 nummos
1257 1469 1269 1489 .·
1292 1469 1365 1490 usu-

803 1515 869 1534 ram
890 1511 922 1534 et
950 1510 1056 1544 caput.
1079 1521 1125 1528 -
1141 1504 1233 1534 Unde)
1258 1505 1364 1535 unde:

802 1550 947 1590 quolibet
971 1551 1093 1590 pretio,
1115 1549 1273 1589 alicunde,
1301 1561 1366 1582 om-

802 1595 897 1625 nibus
922 1595 1037 1626 frustra
1063 1597 1198 1627 tentatis.
1231 1613 1277 1620 -—
1294 1598 1364 1628 Ex—

801 1641 897 1672 tricat
909 1653 921 1672 .·
934 1642 1116 1682 metaphora
1137 1642 1232 1672 ducta
1250 1641 1268 1672 a
1285 1653 1365 1673 voce

802 1686 920 1728 graeczi,
948 1685 1022 1730 θρὶξ,
1057 1686 1177 1731 τριχὸς,
1208 1688 1363 1729 capillus,

802 1734 876 1774 quia
903 1743 951 1764 res
982 1734 1072 1764 istius
1098 1733 1251 1765 debitoris
1277 1735 1366 1765 intri—

797 1787 891 1815 catae,
920 1779 1020 1809 veluti
1049 1781 1153 1810 crines
1172 1779 1253 1810 male
1271 1781 1361 1821 pexi,

797 1825 977 1866 impediunt
999 1824 1076 1866 quin
1092 1825 1181 1856 facile
1195 1827 1363 1867 pecuniam

797 1878 968 1912 comparet.
979 1888 1025 1895 —
1040 1872 1181 1902 Amaras
1192 1870 1337 1902 historias
1349 1882 1363 1902 :

796 1917 916 1947 fabulas
941 1917 1092 1954 insulsas,
1119 1924 1174 1947 aut
1197 1917 1362 1954 historias,

797 1973 874 2004 quas
895 1963 949 1993 ille
965 1965 1052 1994 Ruso
1076 1964 1135 2004 ipsi
1159 1963 1361 2002 demi-rabat,

797 2016 828 2039 et
860 2019 936 2049 quas
973 2008 1099 2040 debitor
1134 2007 1242 2039 audire
1272 2019 1364 2050 coge-

797 2055 902 2091 batur,
925 2061 959 2084 ιιι
978 2054 1139 2094 captivus‚·
1153 2062 1300 2095 porrecto
1309 2054 1364 2096 ju-

796 2101 894 2142 gulo,
923 2101 957 2131 id
986 2107 1049 2138 est,
1079 2101 1298 2138 attentissime,
1327 2106 1365 2131 ut

799 2147 901 2176 solent
917 2147 973 2187 qui
986 2156 1019 2176 se
1033 2147 1176 2187 arrigunt
1188 2146 1227 2177 ad
1239 2145 1365 2176 audien·

801 2192 879 2223 dum
897 2202 905 2224 ε
923 2192 992 2230 vel,
1006 2192 1095 2232 quasi
1109 2192 1285 2223 enecandus
1303 2201 1367 2222 mo-
