1422 2528
280 0 322 40 ‘45⁴

412 77 425 92 Ι

533 116 612 148 Lm.
637 117 655 147 1
681 114 843 148 SATIRA
867 116 926 148 IV.

1271 118 1337 148 215

124 174 228 215 Olim
247 187 334 226 quae
346 174 500 225 scripsit
511 168 684 213 Lucilius
694 203 704 221 ,
720 174 861 226 eripias
875 174 908 212 si

123 238 317 287 Tempora
329 243 435 273 certa
442 235 667 286 modosque,
677 245 726 282 et,
735 235 840 285 quod
850 234 956 285 prius
965 234 1102 273 ordine
1110 233 1274 274 verbum
1282 245 1340 274 est

122 297 321 335 Posterius
339 296 477 344 facias,
498 309 727 347 praeponens
746 297 880 333 ultima
896 297 1048 346 primis;

121 358 229 404 Non,
249 365 292 394 ut
304 357 336 395 si
351 357 494 404 solvas,
514 373 531 391 α
547 358 755 407 Postquam
769 356 974 394 Discordia
991 364 1090 394 tetra
1304 367 1338 390 6⁰

123 433 139 450 n
155 417 250 455 Belli
263 417 431 456 ferratos
448 426 577 468 postes
598 426 807 469 portasque
824 417 1005 467 refregit;
1025 434 1039 450 υ

121 478 303 516 Invenias
321 478 438 516 etiam
453 477 602 529 disjecti
618 477 792 515 membra
812 486 949 528 poetae.

175 541 372 578 Hactenus
390 539 474 577 haec
492 547 542 587 ¹²3
559 540 672 587 alias,
685 540 831 590 justum
851 539 900 576 sit
919 551 1040 576 necne
1054 551 1203 590 poema.

120 603 234 639 Nilne
249 601 346 639 illud
359 604 509 639 tantum
528 614 719 652 quaeram,
741 598 930 638 meritone
947 599 1018 637 tibi
1035 599 1084 638 sit

122 663 352 713 Suspectum
373 675 494 714 genus
510 662 586 700 hoc
600 661 808 700 scribendi.
825 661 974 699 Sulcius
993 673 1082 698 acer
1302 669 1336 694 65

124 723 310 762 Ambulat
327 732 365 761 et
381 724 546 775 Caprius
565 719 593 745 ¹³
606 753 616 771 ,
634 723 741 760 rauci
760 722 856 759 male
868 750 878 768 ,
895 735 1061 773 cumque
1076 721 1234 769 libellis,

120 787 286 836 Magnus
302 785 466 835 uterque
485 785 602 823 timor
615 783 851 831 latronibus3
870 794 907 822 at
926 784 1025 822 bene
1042 785 1073 822 si
1089 785 1175 836 quis

121 847 170 884 Et
187 846 293 884 vivat
308 846 416 897 puris
438 846 637 892 manibus,
661 855 882 883 contemnat
901 855 1122 897 utrumque.

120 910 175 946 Ut
192 908 244 946 sis
262 917 305 946 tu
324 907 460 946 similis
474 908 570 950 Coeli
584 907 783 958 Birrique,
807 908 1022 955 latronum,

119 970 211 1007 Non
225 981 298 1019 ego
313 969 384 1006 sim
398 967 535 1018 Capri,
551 982 677 1018 neque
697 966 802 1006 Sulci
809 983 819 1015 ;
843 970 912 1005 cur
929 976 1076 1006 metuas
1097 968 1184 1005 me?
1301 986 1334 1011 70

89 1042 92 1045 ·
120 1028 236 1067 Nulla
255 1027 416 1066 taberna
431 1041 536 1071 meos
554 1028 696 1070 habeat
717 1042 843 1079 neque
863 1029 940 1078 pila
956 1028 1122 1077 libellos,

123 1087 220 1136 Quis
235 1101 371 1127 manus
387 1088 540 1127 insudet
558 1089 665 1140 vulgi
676 1118 687 1138 ,
706 1089 1043 1140 Hermogenisque
1055 1087 1209 1140 Tigelli3

117 1295 167 1320 ter
178 1299 191 1320 .·
200 1296 291 1332 pater
303 1288 697 1332 comoediam—Tempora

115 1343 205 1368 certa
219 1347 232 1367 .·
244 1338 459 1379 quantitatem
477 1338 675 1379 syllabarum
687 1361 695 1376 ‚

115 1393 253 1425 quarum
284 1384 354 1415 ah‘ae
385 1384 517 1423 breves,
552 1385 696 1416 breviori

115 1437 281 1472 tempore,
308 1431 380 1462 aliae
402 1431 524 1474 longae,
552 1431 696 1474 longiori

114 1479 383 1520 pronuntiantur.
409 1495 458 1502 —·
485 1479 584 1516 Non,
611 1487 647 1509 ue
669 1479 698 1509 si

113 1524 220 1555 πίνω
245 1536 258 1556 .·
283 1536 354 1556 uon
379 1526 526 1556 invenias
552 1526 696 1566 membra

114 1569 240 1610 disiecti
257 1578 291 1603 et
309 1572 401 1614 quasi
421 1572 551 1603 lacerati
570 1580 694 1614 poetae,

113 1624 152 1648 ut
178 1618 326 1650 invenire
364 1626 460 1658 esset,
497 1621 525 1650 si
554 1621 695 1652 solveres

113 1663 204 1696 hunc
236 1666 336 1697 Ennii
376 1677 526 1706 versum,
559 1668 694 1709 plenum

112 1709 247 1753 spiritus
264 1719 296 1743 et
307 1713 432 1744 ardoris
443 1715 586 1755 poetici:
601 1717 695 1745 Posc-

112 1757 214 1800 qubm
233 1759 407 1790 Discordia
421 1768 506 1791 tetra
515 1784 527 1799 ,
545 1768 607 1792 etc.

164 1816 218 1838 12.
241 1807 406 1838 Hactemks
434 1807 505 1838 ham
526 1819 538 1838 .·
564 1808 634 1839 haec
654 1809 694 1840 de

109 1852 206 1884 satira
238 1860 271 1884 et
302 1854 460 1885 comoediai
489 1853 580 1885 nunc
605 1855 695 1886 suffi-

110 1901 208 1932 ciant.
224 1900 302 1932 Alio
319 1908 481 1943 tempore,
503 1901 690 1944 diligentius

109 1948 279 1989 exquiram
319 1947 362 1978 :¹³11
395 1955 571 1989 utrumque
607 1950 691 1980 illud

109 1994 274 2025 scribendi
294 2005 397 2036 genus
414 1997 570 2036 poematis
593 1997 689 2028 titulo

108 2041 258 2084 insigniri
272 2041 398 2074 debeat.
422 2044 494 2073 Hoc
510 2053 613 2073 unum
629 2043 648 2074 ὲ
660 2051 691 2074 te

110 2096 270 2129 quaram,
307 2088 384 2120 nam
412 2090 486 2129 jure
510 2100 545 2120 ac
573 2091 690 2122 merito

111 2135 373 2168 ntis-amoderis.

162 2191 177 2212 1
185 2182 216 2213 3.
235 2183 370 2221 Sulcius,
394 2183 529 2225 Caprius
537 2183 690 2215 :infames

111 2226 282 2262 delatores.
301 2231 464 2264 -Rauci
481 2231 568 2263 mal&
586 2242 598 2262 :
615 2232 691 2273 qui-

750 1291 813 1322 hus
844 1290 992 1329 malam,
1023 1289 1189 1322 scelestam
1229 1297 1331 1322 artem

751 1349 841 1369 suam
872 1338 998 1369 assidue
1031 1339 1128 1368 nimis
1154 1340 1334 1369 exercenti-

750 1385 829 1423 bus,
843 1396 910 1416 vox
923 1384 1182 1416 accusationibus
1204 1385 1333 1427 fatigata

750 1434 936 1463 raucitatem
952 1439 1167 1463 contraxerat.
1178 1450 1226 1455 —
1239 1433 1334 1464 Cum-

750 1491 812 1521 que
840 1479 959 1510 libellis
981 1491 992 1509 :
1011 1480 1047 1509 in
1071 1478 1192 1520 quibus
1216 1490 1331 1510 eorum

750 1527 885 1556 erimina
921 1534 954 1557 et
979 1527 1112 1556 nomina
1143 1526 1332 1566 servabant,

749 1585 832 1614 quos
861 1573 900 1603 ad
930 1580 1122 1614 praetorem,
1155 1573 1207 1604 vel
1235 1571 1332 1604 etiz¹¹m

749 1621 790 1651 ad
813 1622 921 1661 ipsum
936 1621 1164 1661 imperatorem
1183 1630 1333 1651 accusare

748 1668 881 1700 vellent.
898 1685 946 1691 —
961 1667 1042 1698 Coeli
1052 1666 1200 1707 Birrique
1212 1679 1225 1698 .·
1242 1674 1331 1698 uter·

749 1725 812 1756 que
833 1715 1010 1745 latrociniis
1035 1714 1162 1744 infamis
1182 1721 1265 1752 erat,
1298 1721 1331 1745 et

748 1762 849 1793 Sulcii
864 1763 1036 1803 Capriique
1052 1761 1270 1792 delationibus
1283 1761 1331 1792 in-

748 1808 861 1849 primis
887 1810 1126 1850 expositus.——
1146 1807 1221 1839 Pila
1244 1819 1256 1839 :
1277 1818 1331 1839 co-

747 1855 859 1885 lumna
881 1857 954 1894 cui,
983 1862 1020 1886 ut
1045 1855 1123 1886 olim
1150 1856 1186 1886 in
1208 1855 1328 1897 palatio

745 1902 866 1932 forensi
885 1903 1049 1941 Parisino,
1073 1902 1214 1933 tabernae
1233 1902 1329 1933 libra·

745 1951 869 1979 riorum
903 1950 1066 1991 applicitae
1096 1955 1196 1980 erant.
1231 1948 1329 1980 Unde

744 1997 885 2034 Bolaens,
913 1998 1001 2028 satir.
1027 1998 1094 2033 IX;
1122 1996 1244 2037 Quand
1270 1995 1325 2026 Bi-

745 2043 832 2073 laine
843 2043 956 2074 l’e'tale
972 2054 1016 2073 au
1032 2043 1206 2074 deuxieme
1214 2042 1325 2084 pilier.

743 2107 791 2114 ·—-
809 2090 889 2131 Qufs
914 2101 1031 2120 manus
1058 2089 1187 2120 ''nsudet
1207 2089 1320 2132 vulgi,

744 2137 1020 2180 Hermogenisque
1039 2137 1163 2180 Tigelli!
1177 2148 1189 2167 :
1207 2137 1265 2177 qui
1278 2143 1325 2166 te»

744 2191 858 2214 rantur
877 2185 1057 2215 multorum
1077 2184 1237 2215 lectorum
1260 2192 1325 2213 ma-

745 2230 858 2272 nibus,
881 2238 914 2263 et
931 2231 972 2262 ab
990 2233 1195 2274 Hermogene
1215 2229 1323 2271 Tigel-
