1422 2528
155 146 218 176 ¹90

537 137 578 175 Q.
603 134 784 166 HORATII
807 134 958 167 FLACCI

151 198 238 242 Quzi
255 208 332 242 res,
354 196 430 245 quit
446 195 546 233 ratio
567 194 764 244 suaderet,
783 198 934 246 qu¹aque
952 195 1122 233 modeste
1306 203 1337 226 ⁵0

151 256 334 294 Munifico
349 269 429 293 esse
447 257 553 303 licet,
571 233 686 294 vell'Et
700 255 824 294 bouus
840 265 954 306 atque
967 255 1154 305 benignus

152 319 258 363 Esse,
279 317 387 354 daret
406 320 589 366 quantum
609 317 699 354 satis
713 326 831 363 esset,
845 330 916 354 nec
929 316 1003 354 sibi
1017 315 1155 353 damno

152 377 418 426 Dedecorique
434 377 543 415 foret.
557 378 706 414 Verum
718 376 792 413 hoc
811 390 852 415 se
867 377 1108 427 amplectitur
1120 388 1216 422 uuo,

152 440 236 475 Hoc
252 447 351 475 amat
368 447 406 474 et
422 437 573 475 laudat:
592 455 606 471 «
621 441 836 475 Mati-onam
853 438 995 475 nullam
1010 450 1080 488 ego
1099 446 1224 488 tango.
1239 453 1255 469 »ι

151 498 204 534 Ut
219 497 410 547 quondam
429 500 632 543 Marsaeus,
650 506 796 534 amator
811 498 993 548 Originis,
1011 497 1073 534 ille
1305 504 1336 529 ⁵5

153 557 229 604 Qui
244 557 412 607 patrium
431 557 553 594 mimae
571 557 688 594 donat
706 557 942 606 fundumque
959 557 1155 606 laremque
1171 571 1179 592 :

152 633 167 649 «
184 616 246 653 Nil
260 617 376 654 fuerit
395 618 463 662 mi,
480 617 622 666 inquit,
642 629 728 654 cum
745 616 930 654 uxoribus
951 615 1286 666 umquem-alienis.
1306 632 1320 648 u

150 679 294 714 Verum
313 685 368 713 est
385 689 471 714 cum
487 677 630 723 mimis,
649 686 706 715 est
723 689 809 714 cum
829 676 1110 723 meretricibus,
1132 675 1232 713 unde

150 738 264 773 Fama
278 737 418 774 malum
434 737 586 786 gravius
598 765 608 783 ,
624 739 738 786 quum
754 749 834 783 res,
854 736 983 774 trahit.
998 739 1058 773 An
1072 735 1143 772 tibi
1162 734 1312 772 abunde

149 798 353 834 Personam
371 795 461 835 satis
481 806 554 843 est,
572 810 649 833 non
667 797 782 844 illud,
797 797 985 847 quidquid
1003 795 1146 845 ubique
1305 805 1337 829 60

151 857 279 894 Officit
289 886 299 903 ,
319 857 489 896 evitare?
505 861 648 895 Bonam
668 857 880 908 deperdere
897 859 1050 906 famam,

150 918 245 953 Rem
262 917 379 967 patris
401 916 585 954 oblimare
596 946 606 963 ,
622 918 761 954 malum
775 926 830 955 est
846 917 1088 967 ubicumque.
1105 916 1208 963 Quid
1221 915 1338 953 inter-

150 977 216 1012 Est
234 976 272 1012 iu
290 977 479 1023 matrona,
501 977 655 1026 ancilla,
675 991 856 1028 peccesve
875 977 1024 1027 togata?

149 1155 197 1180 est
222 1158 256 1179 ac
282 1148 448 1180 Sallustius
470 1148 524 1178 ille
549 1147 589 1178 ad
617 1158 711 1189 quem

150 1196 266 1236 scripta
282 1202 328 1225 est
346 1194 406 1224 ode
431 1203 448 1223 2
470 1194 546 1224 libri
568 1195 616 1231 11,
641 1195 712 1234 qui,

150 1243 220 1272 aeris
245 1240 415 1282 prodigus,
438 1250 504 1270 rem
529 1251 619 1270 suam
639 1250 714 1277 cum

147 1285 306 1318 libertinis
348 1284 566 1315 consumebat.
614 1285 716 1325 Atqui

147 1343 215 1363 non
231 1333 336 1364 minor
357 1337 403 1361 est
414 1331 536 1360 insania
556 1341 631 1371 opes
644 1341 716 1361 suas

148 1379 192 1409 sic
211 1378 360 1420 perdere,
384 1377 528 1417 quamvis
549 1378 655 1407 minus
675 1379 716 1407 sit

147 1425 338 1466 periculum.
365 1440 412 1446 -
444 1423 516 1464 ριιὰ
549 1433 618 1460 res,
651 1423 716 1464 quic

148 1471 230 1501 ratio
253 1482 264 1501 .·
280 1471 314 1500 in
337 1476 493 1511 quantum
513 1480 623 1499 seusus
645 1480 716 1510 per-

146 1519 265 1555 mittit,
289 1523 320 1546 et
341 1516 453 1546 suadet
469 1515 655 1546 moderatio.
668 1533 716 1539 —-

149 1564 254 1593 Vellet
293 1562 394 1592 bonus
434 1570 530 1602 atque
565 1561 716 1603 bem'gnus

148 1610 228 1639 Esse
239 1620 250 1639 .·
259 1615 382 1650 partem
391 1619 490 1648 opum
502 1618 630 1638 suarum
641 1619 715 1638 cum

146 1656 305 1686 libertinis
330 1654 485 1685 dividere.
520 1671 567 1677 ———
592 1655 660 1684 Hoc
682 1665 716 1684 se

147 1701 351 1742 amplectitur
366 1711 430 1730 uno
451 1711 462 1729 .·
480 1701 590 1730 stricto
608 1711 715 1738 sensu,

148 1749 367 1790 amplectimur
381 1757 452 1788 quae
469 1747 563 1777 nobis
578 1747 713 1787 placent.

148 1793 250 1835 Igitur
285 1794 451 1825 Sallustius
478 1792 520 1823 ob
547 1793 581 1822 id
611 1803 713 1823 uuum

147 1841 209 1870 sibi
232 1841 353 1881 placet,
379 1839 467 1879 quod
495 1839 654 1869 libertinis
675 1838 715 1868 ad

147 1887 344 1927 voluptatem
375 1891 495 1916 utatur.
520 1902 566 1908 —
588 1887 713 1915 Maero-

149 1943 226 1962 nam
241 1933 362 1962 nullam
378 1942 436 1973 ego
455 1938 555 1973 tango
571 1942 582 1960 .·
599 1931 713 1962 Sallus-

147 1979 210 2008 tius
223 1978 377 2018 loquitur.
398 1994 446 2000 —-
461 1979 617 2007 Marsaeus
638 1988 650 2007 :
664 1977 714 2007 vir

146 2023 297 2065 quidam,
330 2023 457 2054 aliunde
485 2024 627 2064 ignotus.
666 2040 712 2046 —-

148 2074 289 2101 Amator
305 2069 445 2111 Originis
460 2079 475 2099 .·
493 2069 610 2099 famosa
633 2067 711 2100 tuuc

148 2118 299 2158 temporis
312 2117 407 2146 mima
426 2123 459 2146 et
467 2117 622 2149 meretrix
641 2116 711 2146 Ori-

147 2173 187 2205 go
210 2163 282 2194 fuit.
297 2179 344 2186 -
363 2163 395 2191 V
392 2162 478 2192 erz‘cm
497 2169 542 2191 est
559 2172 630 2191 cum
652 2161 711 2190 mi-

147 2210 205 2240 mis
214 2232 225 2247 ‚
250 2216 298 2240 est
310 2219 380 2240 cum
403 2207 616 2238 meretricibus
634 2218 644 2237 :
661 2217 710 2237 re-

767 1154 937 1188 torquetur
964 1154 1186 1188 argumentum
1215 1158 1280 1188 quo
1305 1159 1337 1179 se

768 1195 920 1223 Marsaeus
969 1193 1129 1224 tuebatur.
1171 1193 1336 1224 Uxoribus

768 1239 877 1269 alienis
893 1239 1014 1279 parcis,
1034 1237 1144 1269 verum
1165 1245 1197 1268 et
1218 1249 1284 1269 rem
1305 1247 1337 1270 et

768 1284 881 1314 famam
903 1294 976 1314 cum
997 1283 1129 1324 perditis
1149 1282 1336 1315 mulieribus

770 1330 928 1372 profligan.
955 1330 1044 1371 Quid
1072 1326 1146 1360 iude
1176 1330 1235 1360 tibi
1256 1330 1335 1362 boni

771 1375 902 1406 evenit?
916 1393 963 1401 --
979 1377 1031 1406 An
1046 1375 1104 1406 eibi
1115 1375 1240 1406 abunde*
1257 1379 1334 1407 Per·—

769 1433 883 1453 sonam
916 1421 994 1452 satis
1029 1430 1096 1458 est,
1137 1433 1202 1467 ’φη
1238 1422 1331 1460 illud,

769 1468 927 1510 quidquid
938 1469 1051 1509 ubique
1062 1468 1185 1512 Officit,
1201 1469 1335 1500 evitare?

770 1516 852 1545 Satis
871 1515 1038 1555 complexa
1049 1522 1081 1545 et
1098 1513 1263 1555 paululum
1285 1517 1334 1546 iu-

769 1563 879 1592 tricata
894 1561 1064 1592 verborum
1084 1561 1250 1601 dispositio
1267 1570 1275 1592 :
1291 1562 1334 1591 sie

767 1607 933 1649 intellige:
954 1607 995 1637 aiu
1019 1607 1077 1637 tibi
1097 1605 1217 1638 suffieit
1230 1617 1333 1648 perso-

767 1664 840 1684 nam
872 1654 1005 1695 eligere,
1033 1664 1105 1683 cum
1144 1652 1206 1694 quai
1230 1654 1334 1683 minus

767 1699 827 1729 tibi
835 1700 1014 1741 periculum
1024 1700 1208 1730 immineat?
1220 1700 1334 1730 Nonne

767 1745 862 1776 debes
886 1745 1005 1786 pariter
1031 1747 1148 1776 evitare
1176 1745 1333 1786 quidquid

766 1792 827 1822 tibi
845 1793 958 1822 nocet?
972 1793 1088 1829 Porro,
1103 1793 1197 1822 mima
1212 1791 1266 1822 iun
1281 1801 1334 1832 pa-

767 1839 951 1868 trimonium
964 1844 1056 1868 tuum
1070 1837 1133 1868 uim
1145 1835 1252 1878 rapide
1261 1847 1334 1867 cou-

766 1891 889 1922 sumet,
903 1883 999 1924 quem
1018 1884 1076 1913 alia
1089 1883 1238 1924 quaelibet
1253 1894 1334 1913 ama-

767 1931 822 1960 sia.
841 1946 888 1954 ·—-
912 1930 1037 1960 Illalum
1059 1937 1105 1959 esc
1122 1929 1306 1970 ubicumque
1319 1941 1330 1958 :

766 1986 975 2017 quaecumque
992 1977 1032 2006 sit
1046 1975 1160 2005 mulier
1169 1974 1186 2005 ὲ
1196 1975 1259 2016 qua
1272 1986 1332 2005 ma·-

765 2021 833 2052 lum
849 2022 907 2052 tibi
922 2023 1058 2062 ingruat.
1073 2038 1119 2044 —
1137 2021 1224 2061 Quid
1238 2021 1331 2051 inter-

765 2069 827 2099 Est
849 2079 861 2098 .-
888 2061 1049 2110 jungenda
1073 2077 1138 2097 esse
1166 2067 1234 2097 haec
1263 2067 1330 2098 duo
1376 2067 1380 2071 '

765 2114 882 2151 verba,
916 2125 974 2155 per
997 2114 1121 2144 tmesim
1150 2114 1334 2144 inusitatam

764 2167 921 2202 separata,
947 2161 1002 2190 vix
1019 2165 1066 2190 est
1078 2166 1115 2189 ut
1133 2158 1327 2190 admoneam.

765 2224 809 2230 -
837 2207 896 2237 Est
920 2206 952 2236 in
982 2203 1151 2243 matt-ond,
1182 2203 1324 2241 ancilla,
