1422 2528
16 118 33 137 r,

16 142 23 166 δ

499 130 576 162 LIB.
597 131 613 161 1
637 128 799 164 SATIRA
826 133 884 164 IX.

1237 135 1304 175 259

84 206 101 223 υ
115 192 196 229 Aut
209 189 324 230 cirins
340 191 462 243 possit
478 194 640 231 versus?
655 195 741 245 quis
761 193 937 233 membra
954 207 1112 234 movere

84 267 102 286 n
115 250 298 298 Mollius?
312 251 491 291 Invideat
509 255 616 305 quod
633 263 672 293 et
685 257 970 307 Hermogenes,
988 269 1061 309 ego
1079 264 1205 295 canto.
1220 274 1234 290 u
1267 266 1300 291 2⁵

82 312 361 365 Interpellandi
378 315 487 354 locus
502 314 567 354 hic
585 325 669 354 erat
687 325 702 348 9
719 332 728 354 :
751 334 767 351 ι
783 319 850 355 Est
868 317 940 356 tibi
961 327 1097 366 mater,

84 392 100 409 x>
113 373 288 426 Cognati,
301 374 388 426 quis
395 377 550 416 tesalvo
558 387 615 416 est
626 380 841 429 opus?»--n
851 380 967 417 Haud
977 379 1298 431 mihiquisquam3

81 451 98 468 υ
115 437 261 475 Omnes
276 437 490 491 composui.
504 455 520 474 ιο
531 439 742 478 —Felices
761 441 809 476 ¹0!
827 443 930 478 nnnc
950 454 1023 492 ego
1041 450 1162 490 rest03

34 523 38 525 —
81 497 444 552 Confice5'namque
459 501 576 540 instat
594 501 716 538 fatum
736 501 832 539 mihi
852 502 981 550 triste,
999 502 1155 542 Sabella

82 559 199 608 Quod
214 573 337 611 puero
356 562 515 610 cecinit,
533 561 665 599 divina
683 564 788 600 mota
804 575 899 601 anus
918 566 1016 601 urnzi
1038 578 1046 600 :
1269 572 1300 596 3⁰

82 634 99 654 ι
114 622 228 660 Hunc
244 635 372 674 neque
389 622 475 661 dira
494 636 660 669 venena,
680 623 751 661 nec
764 622 939 662 hosticus
958 625 1109 663 auferet
1129 624 1246 674 ensis,

84 697 100 714 n
117 683 200 722 Nec
214 686 380 725 laterum
396 684 522 733 dolor,
542 693 610 722 aut
629 685 764 732 tussis,
786 686 858 723 nec
877 685 988 724 tarda
1007 687 1203 738 podagra3

83 763 100 781 υ
116 748 308 786 Garrulus
324 748 429 785 hunc
448 745 607 797 quando
627 755 830 786 consumet
851 750 1029 799 cumque.
1050 752 1272 800 Loquaces,

83 825 98 841 »
118 809 159 848 Si
177 810 322 861 sapiat,
342 809 439 847 vitet
451 837 461 856 ‚
477 808 590 846 simol
607 802 724 859 afque
740 808 956 846 adoleverit
970 819 1073 847 aetas.
1090 827 1106 843 ι,

85 873 252 909 Ventum
273 879 357 909 erat
378 869 428 908 ad
446 872 574 908 Vestae
591 877 616 892 ¹¹
631 898 641 916 ,
662 873 801 920 quarta
815 871 895 920 jam
916 880 1026 921 parte
1052 871 1128 909 diei
1267 881 1299 906 35

82 1019 258 1051 Horatium
289 1016 549 1049 commendatio!
581 1016 659 1049 vid.

78 1065 189 1108 supra,
205 1065 246 1096 de
257 1065 382 1097 Lucilio
398 1071 429 1095 et
438 1063 479 1095 de
492 1066 659 1107 Crispino,

78 1121 136 1146 sat.
162 1115 221 1152 IV,
245 1125 279 1146 v.
307 1124 328 1155 9
351 1119 384 1142 et
412 1123 479 1153 seq.
506 1130 554 1136 —
581 1113 661 1155 Quis

80 1161 226 1193 membra
253 1170 379 1192 movere
403 1159 561 1191 Mallias?
581 1172 658 1202 poe-

76 1216 127 1249 ta,
149 1208 296 1246 saltator,
327 1212 452 1245 cantor,
481 1208 561 1249 quid
586 1209 661 1250 plu-

77 1258 133 1288 ra?
161 1256 403 1299 chrysologum
434 1254 527 1286 illum
562 1256 660 1287 refert

77 1315 177 1346 quem
209 1303 286 1335 satis
316 1302 463 1335 aculeato
501 1304 660 1345 epigram-

78 1358 161 1383 mate
196 1352 318 1393 punxit
352 1350 438 1383 J.-B.
471 1352 624 1382 Russaeus
649 1362 658 1383 :

81 1397 300 1441 Chrysalogne
307 1406 357 1430 esc
365 1404 434 1429 tout
442 1404 475 1427 ee
481 1399 567 1429 n'est
577 1398 658 1430 rien.

88 1469 93 1472 —
125 1457 158 1488 9.
196 1443 438 1487 Interpellandi
474 1445 562 1476 Iocus
608 1445 660 1477 hie

78 1503 152 1525 erat
165 1505 177 1524 :
195 1494 212 1525 ὲ
226 1495 320 1525 vanis
332 1494 397 1525 illis
413 1492 566 1524 laudibus
582 1505 660 1535 quas

77 1541 141 1573 sibi
158 1541 308 1585 garrulus
327 1539 499 1582 arrogabat
514 1543 659 1572 occasio-

77 1599 152 1620 nem
186 1588 464 1631 interrumpendae
490 1589 559 1628 ejus
589 1600 659 1620 mo-

77 1636 179 1668 lestiae
222 1636 315 1667 avide
357 1637 442 1678 rapit
481 1637 655 1675 Horatius,

78 1685 171 1725 quasi
184 1683 315 1727 plenam
337 1685 378 1715 iis
400 1683 498 1714 fidem
524 1683 659 1716 addens.

78 1749 126 1755 —-
156 1731 219 1763 2oe
245 1731 306 1770 tibi
342 1739 457 1768 mater,
498 1731 658 1774 Cognati,

78 1779 152 1821 quls
182 1787 214 1810 te
244 1780 334 1810 salvo
364 1787 413 1810 est
442 1783 545 1820 opus.³
569 1781 661 1820 quasi

77 1827 231 1858 innueret
259 1837 267 1858 :
296 1841 312 1854 «e
329 1829 394 1866 Tu,
426 1833 475 1857 tot
502 1833 534 1857 et
564 1828 662 1858 tantis

78 1874 212 1906 dotibus
234 1873 406 1916 praeditus,
422 1884 516 1912 cave,
530 1885 658 1916 precor,
679 1892 692 1903 -χ

77 1932 136 1961 ne,
171 1932 222 1952 me
261 1921 449 1963 sequendo,
486 1923 660 1963 pretiosam

77 1971 174 2000 matri
190 1977 223 2000 et
241 1970 388 2010 cognatis
412 1970 476 1999 tuis
498 1969 658 2000 valetudi-

76 2026 151 2047 nem
166 2017 309 2060 longiori
326 2016 547 2047 ambulatione
565 2016 658 2047 infir-

80 2073 158 2094 mes.
169 2080 242 2092 η.-
254 2064 356 2096 Ηαὶιά
367 2062 448 2093 mihi
463 2063 636 2105 quisquam
645 2076 656 2095 :

78 2110 228 2150 subaud„
267 2118 419 2153 superest.
451 2129 498 2134 —
540 2112 658 2142 Omnes

77 2159 246 2199 composui
270 2170 282 2189 .·
314 2161 349 2189 in
379 2158 515 2195 feretro,
545 2159 598 2189 vel
622 2160 657 2190 in

75 2215 167 2247 rogo.
187 2208 320 2248 Propria
336 2216 403 2236 vox
421 2213 469 2237 est
487 2208 656 2248 exsequia-

74 2263 157 2283 rum.

767 1026 820 1049 ιο.
844 1016 989 1048 Felices!
1014 1016 1077 1048 hoc
1101 1023 1133 1048 et
1154 1027 1227 1059 quae
1253 1028 1310 1053 ser

716 1071 864 1106 quuntnr
891 1063 1051 1095 submissa
1076 1075 1157 1095 voce
1175 1065 1216 1095 ab
1235 1066 1301 1097 Ho-

715 1112 797 1142 ratio
812 1113 975 1143 mussitari
986 1111 1226 1143 admittendum
1241 1121 1299 1144 est.

715 1177 762 1182 —
784 1159 919 1190 Sabella
941 1170 1025 1190 anus
1054 1170 1066 1189 :
1095 1170 1179 1190 anus
1206 1162 1300 1191 sorti-

715 1206 786 1248 lega
808 1214 840 1238 et
866 1206 1036 1238 divinandi
1060 1208 1179 1248 perita,
1204 1207 1221 1237 e
1247 1208 1302 1238 Sa·

714 1253 877 1285 bellorum
892 1262 946 1286 aut
962 1254 1157 1286 Sabinorum
1169 1256 1301 1296 regione

714 1301 864 1333 oriunda.
891 1320 938 1326 —-
970 1305 1075 1333 Puero
1110 1313 1122 1331 :
1162 1301 1299 1333 subaud.

715 1348 805 1381 mihi.
826 1366 875 1373 —
891 1348 984 1381 Μοιᾶ
1000 1347 1083 1379 urm}
1098 1360 1110 1380 :
1125 1349 1300 1391 postquam

715 1406 796 1427 anus
813 1397 868 1428 illa
888 1399 1039 1439 agitasset
1060 1407 1177 1428 urnam
1196 1396 1301 1427 fatidi-

716 1454 804 1483 cam,
820 1446 856 1475 in
871 1456 968 1486 quam
983 1451 1087 1475 sortes
1106 1445 1301 1485 conjecerat,

715 1492 836 1533 quibus
853 1493 995 1531 eductis,
1014 1492 1176 1523 divinaret
1190 1491 1300 1523 futura

714 1546 746 1570 et
776 1540 978 1581 praediceret.
999 1559 1046 1565 —-
1070 1541 1166 1571 Hunc
1195 1550 1301 1582 neque

712 1586 787 1617 dira
799 1598 937 1619 ‘venena
951 1600 964 1619 :
980 1600 1038 1630 per
1051 1588 1300 1619 amoenissimam

711 1636 856 1676 partium
873 1637 1153 1667 enumerationem
1171 1636 1300 1667 Horatii

715 1684 874 1714 sententia
891 1683 1000 1724 lepide
1023 1683 1199 1714 evolvitur.
1224 1683 1300 1714 Cre-

715 1729 824 1768 deres,
849 1741 926 1761 eum
951 1730 969 1761 ὲ
996 1730 1186 1772 vulgaribus
1220 1729 1298 1761 lethi

715 1778 819 1808 causis
843 1779 1042 1816 immunem,
1067 1778 1107 1808 ad
1137 1784 1299 1808 senectam

715 1827 996 1866 provectissimam
1042 1831 1299 1867 perventurum3

715 1872 886 1911 crederes,
901 1880 938 1903 nt
956 1873 1000 1904 ita
1024 1872 1128 1903 dicam
1139 1896 1148 1910 ‚
1164 1874 1299 1903 immor-

714 1919 822 1951 talem.
851 1920 913 1952 Sed
934 1922 1019 1962 pesti
1043 1921 1167 1951 caeteris
1191 1921 1296 1950 omni-

712 1966 776 1997 bus
792 1967 955 1998 infestiori
976 1967 1115 1998 devotus
1136 1974 1183 1998 est
1202 1966 1219 1997 a
1236 1968 1261 1998 F
1264 1977 1295 1996 a-

713 2020 764 2053 to;
788 2015 941 2057 garrulus
960 2026 1035 2045 eum
1061 2014 1193 2057 qnando
1218 2025 1296 2044 con-

712 2070 820 2092 sumet
851 2063 1007 2104 cicmque,
1049 2073 1108 2104 per
1148 2062 1292 2097 tmesim;

713 2109 986 2152 quandocumque
1008 2116 1193 2145 consumet,
1210 2108 1249 2146 h«
1265 2119 1291 2139 e.

712 2156 887 2198 aliqnando
919 2157 1058 2188 occidet.
1096 2158 1191 2188 Diem
1227 2155 1292 2194 jam

711 2202 838 2234 fatalem
858 2206 973 2246 attigit.

765 2262 776 2281 1
789 2262 816 2283 1.
836 2254 974 2283 Ventum
998 2258 1070 2282 erat
1090 2250 1138 2280 ad
1155 2251 1261 2280 Vesta·
1279 2260 1290 2278 .-
