<?xml version="1.0" encoding="UTF-8"?>
<!DOCTYPE html PUBLIC "-//W3C//DTD XHTML 1.0 Transitional//EN"
    "http://www.w3.org/TR/xhtml1/DTD/xhtml1-transitional.dtd">
<html xmlns="http://www.w3.org/1999/xhtml" xml:lang="en" lang="en">
 <head>
  <title>
</title>
<meta http-equiv="Content-Type" content="text/html;charset=utf-8" />
  <meta name='ocr-system' content='tesseract 3.04.00' />
  <meta name='ocr-capabilities' content='ocr_page ocr_carea ocr_par ocr_line ocrx_word'/>
</head>
<body>
  <div class='ocr_page' id='page_1' title='image "./quintushoratiusf02horauoft_0105.png"; bbox 0 0 1422 2528; ppageno 0'>
   <div class='ocr_carea' id='block_1_1' title="bbox 39 0 233 25">
    <p class='ocr_par' dir='ltr' id='par_1_1' title="bbox 39 0 233 25">
     <span class='ocr_line' id='line_1_1' title="bbox 39 0 233 25; baseline 0 -3"><span class='ocrx_word' id='word_1_1' title='bbox 39 0 98 25; x_wconf 51' lang='lat'>2¹3}</span> <span class='ocrx_word' id='word_1_2' title='bbox 115 0 137 8; x_wconf 52' lang='lat'>‘¹</span> <span class='ocrx_word' id='word_1_3' title='bbox 174 0 233 10; x_wconf 69' lang='lat'>‘&#39;⁶&#39;‘</span> 
     </span>
    </p>
   </div>
   <div class='ocr_carea' id='block_1_2' title="bbox 208 0 327 50">
    <p class='ocr_par' dir='ltr' id='par_1_2' title="bbox 208 0 327 50">
     <span class='ocr_line' id='line_1_2' title="bbox 214 0 327 24; baseline 0 -6"><span class='ocrx_word' id='word_1_4' title='bbox 214 15 226 24; x_wconf 52' lang='lat'>¹.</span> <span class='ocrx_word' id='word_1_5' title='bbox 284 0 327 21; x_wconf 46' lang='lat' dir='ltr'>⁹U</span> 
     </span>
     <span class='ocr_line' id='line_1_3' title="bbox 208 35 225 50; baseline 0 0"><span class='ocrx_word' id='word_1_6' title='bbox 208 35 225 50; x_wconf 56' lang='lat'>1</span> 
     </span>
    </p>
   </div>
   <div class='ocr_carea' id='block_1_3' title="bbox 167 92 1125 202">
    <p class='ocr_par' dir='ltr' id='par_1_3' title="bbox 167 92 1125 202">
     <span class='ocr_line' id='line_1_4' title="bbox 537 92 922 125; baseline -0.008 0"><span class='ocrx_word' id='word_1_7' title='bbox 537 93 616 125; x_wconf 75' lang='lat' dir='ltr'>LIB⁴</span> <span class='ocrx_word' id='word_1_8' title='bbox 642 93 690 124; x_wconf 82' lang='lat' dir='ltr'>lv</span> <span class='ocrx_word' id='word_1_9' title='bbox 715 93 805 125; x_wconf 88' lang='lat' dir='ltr'>ODE</span> <span class='ocrx_word' id='word_1_10' title='bbox 828 92 922 123; x_wconf 86' lang='lat' dir='ltr'><strong>VIII.</strong></span> 
     </span>
     <span class='ocr_line' id='line_1_5' title="bbox 167 149 1125 202; baseline -0.001 -14"><span class='ocrx_word' id='word_1_11' title='bbox 167 151 169 154; x_wconf 52' lang='lat'><em>⁴</em></span> <span class='ocrx_word' id='word_1_12' title='bbox 211 149 364 194; x_wconf 84' lang='lat' dir='ltr'><strong>Laudes</strong></span> <span class='ocrx_word' id='word_1_13' title='bbox 376 178 386 198; x_wconf 94' lang='lat'>,</span> <span class='ocrx_word' id='word_1_14' title='bbox 406 153 523 202; x_wconf 77' lang='lat' dir='ltr'>quam</span> <span class='ocrx_word' id='word_1_15' title='bbox 539 150 715 190; x_wconf 82' lang='lat' dir='ltr'>Calabrae</span> <span class='ocrx_word' id='word_1_16' title='bbox 731 150 902 188; x_wconf 77' lang='lat' dir='ltr'>Pierides</span> <span class='ocrx_word' id='word_1_17' title='bbox 921 149 959 197; x_wconf 81' lang='lat'>⁵;</span> <span class='ocrx_word' id='word_1_18' title='bbox 975 163 1125 201; x_wconf 85' lang='lat' dir='ltr'>neque,</span> 
     </span>
    </p>
   </div>
   <div class='ocr_carea' id='block_1_4' title="bbox 1298 165 1329 182">
    <p class='ocr_par' dir='ltr' id='par_1_4' title="bbox 1298 165 1329 182">
     <span class='ocr_line' id='line_1_6' title="bbox 1298 165 1329 182; baseline -0.032 0"><span class='ocrx_word' id='word_1_19' title='bbox 1298 165 1329 182; x_wconf 75' lang='lat'>20</span> 
     </span>
    </p>
   </div>
   <div class='ocr_carea' id='block_1_5' title="bbox 163 211 997 449">
    <p class='ocr_par' dir='ltr' id='par_1_5' title="bbox 213 211 997 385">
     <span class='ocr_line' id='line_1_7' title="bbox 215 211 997 263; baseline 0.003 -15"><span class='ocrx_word' id='word_1_20' title='bbox 215 211 256 249; x_wconf 91' lang='lat' dir='ltr'>Si</span> <span class='ocrx_word' id='word_1_21' title='bbox 276 211 420 250; x_wconf 79' lang='lat' dir='ltr'>chartae</span> <span class='ocrx_word' id='word_1_22' title='bbox 440 212 577 251; x_wconf 80' lang='lat' dir='ltr'><strong>sileant</strong></span> <span class='ocrx_word' id='word_1_23' title='bbox 596 212 703 263; x_wconf 89' lang='lat' dir='ltr'>quod</span> <span class='ocrx_word' id='word_1_24' title='bbox 720 211 820 250; x_wconf 75' lang='lat' dir='ltr'>bene</span> <span class='ocrx_word' id='word_1_25' title='bbox 840 211 997 259; x_wconf 83' lang='lat' dir='ltr'>feceris,</span> 
     </span>
     <span class='ocr_line' id='line_1_8' title="bbox 213 272 944 321; baseline 0.003 -12"><span class='ocrx_word' id='word_1_26' title='bbox 213 273 436 311; x_wconf 83' lang='lat' dir='ltr'>Mercedem</span> <span class='ocrx_word' id='word_1_27' title='bbox 453 274 598 311; x_wconf 91' lang='lat' dir='ltr'>tuleris.</span> <span class='ocrx_word' id='word_1_28' title='bbox 619 272 724 321; x_wconf 90' lang='lat' dir='ltr'>Quid</span> <span class='ocrx_word' id='word_1_29' title='bbox 746 273 846 311; x_wconf 81' lang='lat' dir='ltr'>foret</span> <span class='ocrx_word' id='word_1_30' title='bbox 862 273 944 311; x_wconf 90' lang='lat' dir='ltr'>Iliae</span> 
     </span>
     <span class='ocr_line' id='line_1_9' title="bbox 214 333 924 385; baseline 0.004 -16"><span class='ocrx_word' id='word_1_31' title='bbox 214 333 482 385; x_wconf 84' lang='lat' dir='ltr'>Mavortisque</span> <span class='ocrx_word' id='word_1_32' title='bbox 499 348 611 385; x_wconf 89' lang='lat' dir='ltr'>puer,</span> <span class='ocrx_word' id='word_1_33' title='bbox 627 334 660 372; x_wconf 91' lang='lat' dir='ltr'>si</span> <span class='ocrx_word' id='word_1_34' title='bbox 676 334 924 372; x_wconf 84' lang='lat' dir='ltr'>taciturnitas</span> 
     </span>
    </p>

    <p class='ocr_par' dir='ltr' id='par_1_6' title="bbox 163 393 900 449">
     <span class='ocr_line' id='line_1_10' title="bbox 163 393 900 449; baseline 0.001 -17"><span class='ocrx_word' id='word_1_35' title='bbox 163 443 169 449; x_wconf 32' lang='grc' dir='ltr'>Π</span> <span class='ocrx_word' id='word_1_36' title='bbox 216 393 400 432; x_wconf 86' lang='lat' dir='ltr'>Obstaret</span> <span class='ocrx_word' id='word_1_37' title='bbox 414 395 559 433; x_wconf 86' lang='lat' dir='ltr'>meritis</span> <span class='ocrx_word' id='word_1_38' title='bbox 573 395 706 434; x_wconf 88' lang='lat' dir='ltr'>invida</span> <span class='ocrx_word' id='word_1_39' title='bbox 716 397 900 434; x_wconf 79' lang='lat' dir='ltr'>Romuli?</span> 
     </span>
    </p>
   </div>
   <div class='ocr_carea' id='block_1_6' title="bbox 211 455 972 508">
    <p class='ocr_par' dir='ltr' id='par_1_7' title="bbox 211 455 972 508">
     <span class='ocr_line' id='line_1_11' title="bbox 211 455 972 508; baseline 0.004 -15"><span class='ocrx_word' id='word_1_40' title='bbox 211 455 400 507; x_wconf 77' lang='lat' dir='ltr'>Ereptum</span> <span class='ocrx_word' id='word_1_41' title='bbox 416 458 558 508; x_wconf 85' lang='lat' dir='ltr'>Stygiis</span> <span class='ocrx_word' id='word_1_42' title='bbox 579 460 593 482; x_wconf 87' lang='lat'><strong>⁶</strong></span> <span class='ocrx_word' id='word_1_43' title='bbox 609 457 792 496; x_wconf 85' lang='lat' dir='ltr'>fluctibus</span> <span class='ocrx_word' id='word_1_44' title='bbox 810 460 972 496; x_wconf 89' lang='lat' dir='ltr'>AEacum</span> 
     </span>
    </p>
   </div>
   <div class='ocr_carea' id='block_1_7' title="bbox 1298 468 1329 493">
    <p class='ocr_par' dir='ltr' id='par_1_8' title="bbox 1298 468 1329 493">
     <span class='ocr_line' id='line_1_12' title="bbox 1298 468 1329 493; baseline -0.032 0"><span class='ocrx_word' id='word_1_45' title='bbox 1298 468 1329 493; x_wconf 81' lang='lat'>25</span> 
     </span>
    </p>
   </div>
   <div class='ocr_carea' id='block_1_8' title="bbox 214 519 996 628">
    <p class='ocr_par' dir='ltr' id='par_1_9' title="bbox 214 519 996 628">
     <span class='ocr_line' id='line_1_13' title="bbox 214 519 996 571; baseline 0.004 -16"><span class='ocrx_word' id='word_1_46' title='bbox 214 519 365 566; x_wconf 83' lang='lat' dir='ltr'>Virtus,</span> <span class='ocrx_word' id='word_1_47' title='bbox 382 527 420 556; x_wconf 91' lang='lat' dir='ltr'>et</span> <span class='ocrx_word' id='word_1_48' title='bbox 437 519 560 566; x_wconf 89' lang='lat' dir='ltr'>favor,</span> <span class='ocrx_word' id='word_1_49' title='bbox 576 529 614 558; x_wconf 87' lang='lat' dir='ltr'>et</span> <span class='ocrx_word' id='word_1_50' title='bbox 629 520 760 571; x_wconf 83' lang='lat' dir='ltr'>lingua</span> <span class='ocrx_word' id='word_1_51' title='bbox 779 520 996 571; x_wconf 85' lang='lat' dir='ltr'>potentium</span> 
     </span>
     <span class='ocr_line' id='line_1_14' title="bbox 217 579 978 628; baseline 0 -11"><span class='ocrx_word' id='word_1_52' title='bbox 217 581 380 628; x_wconf 86' lang='lat' dir='ltr'>Vatum,</span> <span class='ocrx_word' id='word_1_53' title='bbox 400 579 587 619; x_wconf 88' lang='lat' dir='ltr'>divitibus</span> <span class='ocrx_word' id='word_1_54' title='bbox 604 591 806 620; x_wconf 89' lang='lat' dir='ltr'>consecrat</span> <span class='ocrx_word' id='word_1_55' title='bbox 830 582 978 620; x_wconf 86' lang='lat' dir='ltr'>insulis.</span> 
     </span>
    </p>
   </div>
   <div class='ocr_carea' id='block_1_9' title="bbox 109 707 700 2267">
    <p class='ocr_par' dir='ltr' id='par_1_10' title="bbox 109 707 700 2267">
     <span class='ocr_line' id='line_1_15' title="bbox 110 707 686 752; baseline 0 -11"><span class='ocrx_word' id='word_1_56' title='bbox 110 708 175 741; x_wconf 71' lang='lat' dir='ltr'>tam</span> <span class='ocrx_word' id='word_1_57' title='bbox 191 707 344 752; x_wconf 77' lang='lat' dir='ltr'>graphice</span> <span class='ocrx_word' id='word_1_58' title='bbox 364 707 534 751; x_wconf 83' lang='lat' dir='ltr'>descripsit</span> <span class='ocrx_word' id='word_1_59' title='bbox 550 711 661 741; x_wconf 89' lang='lat' dir='ltr'>Livius</span> <span class='ocrx_word' id='word_1_60' title='bbox 677 733 686 749; x_wconf 90' lang='lat'>,</span> 
     </span>
     <span class='ocr_line' id='line_1_16' title="bbox 110 757 688 800; baseline 0 -12"><span class='ocrx_word' id='word_1_61' title='bbox 110 759 226 797; x_wconf 76' lang='lat' dir='ltr'>XXX,</span> <span class='ocrx_word' id='word_1_62' title='bbox 249 757 268 788; x_wconf 85' lang='lat'><em>5</em></span> <span class='ocrx_word' id='word_1_63' title='bbox 298 765 330 788; x_wconf 92' lang='lat' dir='ltr'>et</span> <span class='ocrx_word' id='word_1_64' title='bbox 355 757 391 796; x_wconf 87' lang='lat'>6;</span> <span class='ocrx_word' id='word_1_65' title='bbox 417 757 560 800; x_wconf 84' lang='lat' dir='ltr'>intellige</span> <span class='ocrx_word' id='word_1_66' title='bbox 590 757 688 788; x_wconf 74' lang='lat' dir='ltr'>etiam</span> 
     </span>
     <span class='ocr_line' id='line_1_17' title="bbox 110 805 688 849; baseline -0.002 -13"><span class='ocrx_word' id='word_1_67' title='bbox 110 811 266 849; x_wconf 65' lang='lat' dir='ltr'>crematas</span> <span class='ocrx_word' id='word_1_68' title='bbox 296 805 314 836; x_wconf 70' lang='lat' dir='ltr'>a</span> <span class='ocrx_word' id='word_1_69' title='bbox 343 805 494 847; x_wconf 86' lang='lat' dir='ltr'>Scipione</span> <span class='ocrx_word' id='word_1_70' title='bbox 531 806 688 847; x_wconf 87' lang='lat' dir='ltr'>quingen-</span> 
     </span>
     <span class='ocr_line' id='line_1_18' title="bbox 110 852 691 890; baseline 0 -7"><span class='ocrx_word' id='word_1_71' title='bbox 110 859 158 883; x_wconf 87' lang='lat' dir='ltr'>tas</span> <span class='ocrx_word' id='word_1_72' title='bbox 184 853 360 883; x_wconf 87' lang='lat' dir='ltr'>Poenorum</span> <span class='ocrx_word' id='word_1_73' title='bbox 385 863 502 890; x_wconf 82' lang='lat' dir='ltr'>naves,</span> <span class='ocrx_word' id='word_1_74' title='bbox 533 860 565 883; x_wconf 87' lang='lat' dir='ltr'>et</span> <span class='ocrx_word' id='word_1_75' title='bbox 593 852 691 883; x_wconf 81' lang='lat' dir='ltr'>afflic-</span> 
     </span>
     <span class='ocr_line' id='line_1_19' title="bbox 110 899 690 942; baseline 0 -12"><span class='ocrx_word' id='word_1_76' title='bbox 110 906 176 930; x_wconf 82' lang='lat' dir='ltr'>tam</span> <span class='ocrx_word' id='word_1_77' title='bbox 194 899 229 930; x_wconf 83' lang='lat' dir='ltr'>in</span> <span class='ocrx_word' id='word_1_78' title='bbox 246 907 440 942; x_wconf 89' lang='lat' dir='ltr'>perpetuum</span> <span class='ocrx_word' id='word_1_79' title='bbox 459 900 516 930; x_wconf 94' lang='lat' dir='ltr'>illo</span> <span class='ocrx_word' id='word_1_80' title='bbox 535 900 690 930; x_wconf 90' lang='lat' dir='ltr'>incendio</span> 
     </span>
     <span class='ocr_line' id='line_1_20' title="bbox 111 946 689 989; baseline 0.002 -12"><span class='ocrx_word' id='word_1_81' title='bbox 111 957 180 978; x_wconf 87' lang='lat' dir='ltr'>rem</span> <span class='ocrx_word' id='word_1_82' title='bbox 198 946 300 987; x_wconf 84' lang='lat' dir='ltr'>hujus</span> <span class='ocrx_word' id='word_1_83' title='bbox 330 948 447 989; x_wconf 88' lang='lat' dir='ltr'>populi</span> <span class='ocrx_word' id='word_1_84' title='bbox 476 949 689 979; x_wconf 80' lang='lat' dir='ltr'>maritimam:</span> 
     </span>
     <span class='ocr_line' id='line_1_21' title="bbox 110 994 689 1036; baseline 0.002 -11"><span class='ocrx_word' id='word_1_85' title='bbox 110 994 170 1036; x_wconf 87' lang='lat' dir='ltr'>qni</span> <span class='ocrx_word' id='word_1_86' title='bbox 191 1001 327 1025; x_wconf 85' lang='lat' dir='ltr'>eventus</span> <span class='ocrx_word' id='word_1_87' title='bbox 351 1006 420 1025; x_wconf 89' lang='lat' dir='ltr'>non</span> <span class='ocrx_word' id='word_1_88' title='bbox 441 994 549 1026; x_wconf 76' lang='lat' dir='ltr'>minus</span> <span class='ocrx_word' id='word_1_89' title='bbox 565 996 689 1036; x_wconf 81' lang='lat' dir='ltr'>Scipio-</span> 
     </span>
     <span class='ocr_line' id='line_1_22' title="bbox 111 1041 688 1084; baseline 0 -12"><span class='ocrx_word' id='word_1_90' title='bbox 111 1042 162 1072; x_wconf 85' lang='lat' dir='ltr'>nis</span> <span class='ocrx_word' id='word_1_91' title='bbox 174 1041 371 1084; x_wconf 84' lang='lat' dir='ltr'>imagiuibus</span> <span class='ocrx_word' id='word_1_92' title='bbox 385 1042 547 1073; x_wconf 79' lang='lat' dir='ltr'>subscribi</span> <span class='ocrx_word' id='word_1_93' title='bbox 566 1042 688 1073; x_wconf 88' lang='lat' dir='ltr'>debue-</span> 
     </span>
     <span class='ocr_line' id='line_1_23' title="bbox 111 1087 690 1132; baseline 0.002 -13"><span class='ocrx_word' id='word_1_94' title='bbox 111 1095 204 1127; x_wconf 85' lang='lat' dir='ltr'>runt,</span> <span class='ocrx_word' id='word_1_95' title='bbox 226 1087 325 1131; x_wconf 72' lang='lat' dir='ltr'>quam</span> <span class='ocrx_word' id='word_1_96' title='bbox 342 1089 543 1132; x_wconf 64' lang='lat' dir='ltr'>Hannibalis</span> <span class='ocrx_word' id='word_1_97' title='bbox 551 1089 640 1132; x_wconf 72' lang='lat' dir='ltr'>fitga</span> <span class='ocrx_word' id='word_1_98' title='bbox 657 1098 690 1121; x_wconf 86' lang='lat' dir='ltr'>et</span> 
     </span>
     <span class='ocr_line' id='line_1_24' title="bbox 110 1136 665 1179; baseline 0.004 -12"><span class='ocrx_word' id='word_1_99' title='bbox 110 1136 241 1179; x_wconf 64' lang='lat' dir='ltr'>rejectoe</span> <span class='ocrx_word' id='word_1_100' title='bbox 255 1137 428 1167; x_wconf 54' lang='lat' dir='ltr'>retrorsum</span> <span class='ocrx_word' id='word_1_101' title='bbox 446 1138 539 1167; x_wconf 74' lang='lat' dir='ltr'>istius</span> <span class='ocrx_word' id='word_1_102' title='bbox 556 1137 665 1169; x_wconf 85' lang='lat' dir='ltr'>minae.</span> 
     </span>
     <span class='ocr_line' id='line_1_25' title="bbox 159 1183 691 1216; baseline 0 -1"><span class='ocrx_word' id='word_1_103' title='bbox 159 1184 190 1215; x_wconf 85' lang='lat'>5.</span> <span class='ocrx_word' id='word_1_104' title='bbox 219 1184 370 1216; x_wconf 75' lang='lat' dir='ltr'>Calabra:</span> <span class='ocrx_word' id='word_1_105' title='bbox 392 1183 538 1214; x_wconf 76' lang='lat' dir='ltr'>Pierides</span> <span class='ocrx_word' id='word_1_106' title='bbox 551 1195 562 1214; x_wconf 92' lang='lat'>.·</span> <span class='ocrx_word' id='word_1_107' title='bbox 580 1196 691 1216; x_wconf 85' lang='lat' dir='ltr'>versus</span> 
     </span>
     <span class='ocr_line' id='line_1_26' title="bbox 109 1231 690 1263; baseline 0 0"><span class='ocrx_word' id='word_1_108' title='bbox 109 1233 217 1263; x_wconf 87' lang='lat' dir='ltr'>Ennio</span> <span class='ocrx_word' id='word_1_109' title='bbox 235 1231 254 1263; x_wconf 71' lang='lat' dir='ltr'>a</span> <span class='ocrx_word' id='word_1_110' title='bbox 274 1233 378 1262; x_wconf 89' lang='lat' dir='ltr'>Musis</span> <span class='ocrx_word' id='word_1_111' title='bbox 397 1231 577 1263; x_wconf 84' lang='lat' dir='ltr'>Calabriam</span> <span class='ocrx_word' id='word_1_112' title='bbox 599 1233 690 1263; x_wconf 89' lang='lat' dir='ltr'>inco—</span> 
     </span>
     <span class='ocr_line' id='line_1_27' title="bbox 110 1278 691 1321; baseline 0 -10"><span class='ocrx_word' id='word_1_113' title='bbox 110 1279 253 1311; x_wconf 83' lang='lat' dir='ltr'>lentibus</span> <span class='ocrx_word' id='word_1_114' title='bbox 279 1278 389 1311; x_wconf 78' lang='lat' dir='ltr'>afflati.</span> <span class='ocrx_word' id='word_1_115' title='bbox 429 1280 570 1318; x_wconf 88' lang='lat' dir='ltr'>Ennius,</span> <span class='ocrx_word' id='word_1_116' title='bbox 594 1287 691 1321; x_wconf 88' lang='lat' dir='ltr'>poeta</span> 
     </span>
     <span class='ocr_line' id='line_1_28' title="bbox 109 1326 690 1369; baseline 0 -11"><span class='ocrx_word' id='word_1_117' title='bbox 109 1326 229 1358; x_wconf 83' lang='lat' dir='ltr'>latinns</span> <span class='ocrx_word' id='word_1_118' title='bbox 259 1327 524 1368; x_wconf 83' lang='lat' dir='ltr'>antiquissimus,</span> <span class='ocrx_word' id='word_1_119' title='bbox 554 1329 690 1369; x_wconf 89' lang='lat' dir='ltr'>patriam</span> 
     </span>
     <span class='ocr_line' id='line_1_29' title="bbox 111 1373 690 1416; baseline 0 -11"><span class='ocrx_word' id='word_1_120' title='bbox 111 1374 226 1406; x_wconf 86' lang='lat' dir='ltr'>habuit</span> <span class='ocrx_word' id='word_1_121' title='bbox 249 1373 390 1412; x_wconf 84' lang='lat' dir='ltr'>Rudias,</span> <span class='ocrx_word' id='word_1_122' title='bbox 414 1373 504 1416; x_wconf 91' lang='lat' dir='ltr'>quod</span> <span class='ocrx_word' id='word_1_123' title='bbox 531 1374 690 1416; x_wconf 88' lang='lat' dir='ltr'>oppidum</span> 
     </span>
     <span class='ocr_line' id='line_1_30' title="bbox 113 1420 691 1463; baseline 0 -10"><span class='ocrx_word' id='word_1_124' title='bbox 113 1429 162 1453; x_wconf 73' lang='lat' dir='ltr'>est</span> <span class='ocrx_word' id='word_1_125' title='bbox 182 1421 353 1460; x_wconf 86' lang='lat' dir='ltr'>Calabriae,</span> <span class='ocrx_word' id='word_1_126' title='bbox 370 1422 407 1451; x_wconf 93' lang='lat' dir='ltr'>in</span> <span class='ocrx_word' id='word_1_127' title='bbox 431 1420 534 1452; x_wconf 69' lang='lat' dir='ltr'>Italia.</span> <span class='ocrx_word' id='word_1_128' title='bbox 555 1422 691 1463; x_wconf 88' lang='lat' dir='ltr'>Scripsit</span> 
     </span>
     <span class='ocr_line' id='line_1_31' title="bbox 114 1465 691 1512; baseline 0 -12"><span class='ocrx_word' id='word_1_129' title='bbox 114 1465 164 1500; x_wconf 67' lang='lat' dir='ltr'>re&#39;s</span> <span class='ocrx_word' id='word_1_130' title='bbox 179 1476 280 1512; x_wconf 78' lang='lat' dir='ltr'>gestas</span> <span class='ocrx_word' id='word_1_131' title='bbox 298 1470 460 1511; x_wconf 89' lang='lat' dir='ltr'>Scipionis</span> <span class='ocrx_word' id='word_1_132' title='bbox 471 1469 617 1499; x_wconf 81' lang='lat' dir='ltr'>Africani</span> <span class='ocrx_word' id='word_1_133' title='bbox 628 1480 691 1500; x_wconf 87' lang='lat' dir='ltr'>ma-</span> 
     </span>
     <span class='ocr_line' id='line_1_32' title="bbox 112 1516 695 1557; baseline -0.002 -8"><span class='ocrx_word' id='word_1_134' title='bbox 112 1517 210 1556; x_wconf 69' lang='lat' dir='ltr'>joris,</span> <span class='ocrx_word' id='word_1_135' title='bbox 223 1517 316 1556; x_wconf 85' lang='lat' dir='ltr'>cujus</span> <span class='ocrx_word' id='word_1_136' title='bbox 325 1516 457 1557; x_wconf 77' lang='lat' dir='ltr'>aequalis</span> <span class='ocrx_word' id='word_1_137' title='bbox 470 1516 531 1547; x_wconf 89' lang='lat' dir='ltr'>fuit</span> <span class='ocrx_word' id='word_1_138' title='bbox 540 1540 548 1555; x_wconf 93' lang='lat'>,</span> <span class='ocrx_word' id='word_1_139' title='bbox 558 1519 590 1546; x_wconf 90' lang='lat' dir='ltr'>in</span> <span class='ocrx_word' id='word_1_140' title='bbox 605 1524 695 1548; x_wconf 89' lang='lat' dir='ltr'>octo-</span> 
     </span>
     <span class='ocr_line' id='line_1_33' title="bbox 115 1563 695 1606; baseline 0.002 -12"><span class='ocrx_word' id='word_1_141' title='bbox 115 1563 220 1596; x_wconf 82' lang='lat' dir='ltr'>decim</span> <span class='ocrx_word' id='word_1_142' title='bbox 234 1563 426 1601; x_wconf 84' lang='lat' dir='ltr'>Annalium,</span> <span class='ocrx_word' id='word_1_143' title='bbox 443 1574 526 1606; x_wconf 85' lang='lat' dir='ltr'>quos</span> <span class='ocrx_word' id='word_1_144' title='bbox 548 1564 588 1594; x_wconf 87' lang='lat' dir='ltr'>ab</span> <span class='ocrx_word' id='word_1_145' title='bbox 613 1564 695 1595; x_wconf 86' lang='lat' dir='ltr'>urbe</span> 
     </span>
     <span class='ocr_line' id='line_1_34' title="bbox 117 1610 695 1653; baseline 0.002 -11"><span class='ocrx_word' id='word_1_146' title='bbox 117 1610 249 1642; x_wconf 70' lang='lat' dir='ltr'>condita</span> <span class='ocrx_word' id='word_1_147' title='bbox 275 1610 468 1649; x_wconf 74' lang='lat' dir='ltr'>deduxerat,</span> <span class='ocrx_word' id='word_1_148' title='bbox 497 1611 607 1648; x_wconf 86' lang='lat' dir='ltr'>libris,</span> <span class='ocrx_word' id='word_1_149' title='bbox 636 1613 695 1653; x_wconf 88' lang='lat' dir='ltr'>qui</span> 
     </span>
     <span class='ocr_line' id='line_1_35' title="bbox 117 1658 692 1701; baseline 0 -11"><span class='ocrx_word' id='word_1_150' title='bbox 117 1669 250 1698; x_wconf 86' lang='lat' dir='ltr'>omnes,</span> <span class='ocrx_word' id='word_1_151' title='bbox 283 1659 311 1688; x_wconf 89' lang='lat' dir='ltr'>si</span> <span class='ocrx_word' id='word_1_152' title='bbox 344 1658 483 1700; x_wconf 87' lang='lat' dir='ltr'>paucula</span> <span class='ocrx_word' id='word_1_153' title='bbox 517 1658 692 1701; x_wconf 81' lang='lat' dir='ltr'>fragmenta</span> 
     </span>
     <span class='ocr_line' id='line_1_36' title="bbox 117 1707 695 1748; baseline 0 -11"><span class='ocrx_word' id='word_1_154' title='bbox 117 1707 278 1748; x_wconf 82' lang='lat' dir='ltr'>excipias,</span> <span class='ocrx_word' id='word_1_155' title='bbox 294 1707 472 1746; x_wconf 81' lang='lat' dir='ltr'>perierunt.</span> <span class='ocrx_word' id='word_1_156' title='bbox 489 1708 510 1737; x_wconf 92' lang='lat' dir='ltr'><strong>J</strong></span> <span class='ocrx_word' id='word_1_157' title='bbox 513 1717 633 1738; x_wconf 68' lang='lat' dir='ltr'>uvsuc.</span> <span class='ocrx_word' id='word_1_158' title='bbox 647 1725 695 1731; x_wconf 88' lang='lat'>-—</span> 
     </span>
     <span class='ocr_line' id='line_1_37' title="bbox 120 1752 696 1795; baseline 0.002 -11"><span class='ocrx_word' id='word_1_159' title='bbox 120 1753 158 1784; x_wconf 91' lang='lat' dir='ltr'>Si</span> <span class='ocrx_word' id='word_1_160' title='bbox 190 1752 314 1784; x_wconf 76' lang='lat' dir='ltr'>chartae</span> <span class='ocrx_word' id='word_1_161' title='bbox 342 1752 488 1791; x_wconf 82' lang='lat' dir='ltr'>sileant,</span> <span class='ocrx_word' id='word_1_162' title='bbox 517 1755 543 1784; x_wconf 91' lang='lat' dir='ltr'>si</span> <span class='ocrx_word' id='word_1_163' title='bbox 572 1753 590 1784; x_wconf 70' lang='lat' dir='ltr'>a</span> <span class='ocrx_word' id='word_1_164' title='bbox 621 1765 696 1795; x_wconf 72' lang='lat' dir='ltr'>poe&lt;</span> 
     </span>
     <span class='ocr_line' id='line_1_38' title="bbox 117 1800 696 1843; baseline 0 -12"><span class='ocrx_word' id='word_1_165' title='bbox 117 1801 159 1832; x_wconf 87' lang='lat' dir='ltr'>tis</span> <span class='ocrx_word' id='word_1_166' title='bbox 182 1811 251 1832; x_wconf 87' lang='lat' dir='ltr'>uon</span> <span class='ocrx_word' id='word_1_167' title='bbox 273 1800 465 1832; x_wconf 85' lang='lat' dir='ltr'>celebretur.</span> <span class='ocrx_word' id='word_1_168' title='bbox 482 1819 530 1824; x_wconf 97' lang='lat'>—</span> <span class='ocrx_word' id='word_1_169' title='bbox 548 1801 696 1843; x_wconf 74' lang='lat' dir='ltr'>Qttidfh-</span> 
     </span>
     <span class='ocr_line' id='line_1_39' title="bbox 119 1847 694 1889; baseline 0 -10"><span class='ocrx_word' id='word_1_170' title='bbox 119 1854 170 1879; x_wconf 67' lang='lat' dir='ltr'>ret</span> <span class='ocrx_word' id='word_1_171' title='bbox 215 1847 288 1879; x_wconf 80' lang='lat' dir='ltr'>Iliae</span> <span class='ocrx_word' id='word_1_172' title='bbox 332 1847 550 1889; x_wconf 70' lang='lat' dir='ltr'>Mavortisque</span> <span class='ocrx_word' id='word_1_173' title='bbox 587 1860 670 1889; x_wconf 82' lang='lat' dir='ltr'>puer</span> <span class='ocrx_word' id='word_1_174' title='bbox 684 1861 694 1879; x_wconf 86' lang='grc'>.-</span> 
     </span>
     <span class='ocr_line' id='line_1_40' title="bbox 118 1895 696 1938; baseline -0.002 -11"><span class='ocrx_word' id='word_1_175' title='bbox 118 1895 295 1934; x_wconf 80' lang='lat' dir='ltr'>Romulus,</span> <span class='ocrx_word' id='word_1_176' title='bbox 313 1895 458 1937; x_wconf 83' lang='lat' dir='ltr'>quamvis</span> <span class='ocrx_word' id='word_1_177' title='bbox 482 1895 498 1925; x_wconf 82' lang='grc' dir='ltr'>ὲ</span> <span class='ocrx_word' id='word_1_178' title='bbox 514 1895 575 1926; x_wconf 85' lang='lat' dir='ltr'>deo</span> <span class='ocrx_word' id='word_1_179' title='bbox 598 1898 696 1938; x_wconf 84' lang='lat' dir='ltr'>origi-</span> 
     </span>
     <span class='ocr_line' id='line_1_41' title="bbox 118 1942 697 1974; baseline 0 0"><span class='ocrx_word' id='word_1_180' title='bbox 118 1953 195 1974; x_wconf 83' lang='lat' dir='ltr'>nem</span> <span class='ocrx_word' id='word_1_181' title='bbox 215 1942 348 1973; x_wconf 88' lang='lat' dir='ltr'>ducens.</span> <span class='ocrx_word' id='word_1_182' title='bbox 364 1960 412 1966; x_wconf 87' lang='lat'>—-</span> <span class='ocrx_word' id='word_1_183' title='bbox 431 1942 468 1972; x_wconf 90' lang='lat' dir='ltr'>Si</span> <span class='ocrx_word' id='word_1_184' title='bbox 489 1942 697 1974; x_wconf 80' lang='lat' dir='ltr'>taciturnitas</span> 
     </span>
     <span class='ocr_line' id='line_1_42' title="bbox 121 1989 696 2021; baseline 0.002 -1"><span class='ocrx_word' id='word_1_185' title='bbox 121 1990 273 2020; x_wconf 83' lang='lat' dir='ltr'>Obstaret</span> <span class='ocrx_word' id='word_1_186' title='bbox 288 1989 408 2019; x_wconf 86' lang='lat' dir='ltr'>meritis</span> <span class='ocrx_word' id='word_1_187' title='bbox 423 1989 532 2019; x_wconf 69' lang='lat' dir='ltr'>invida</span> <span class='ocrx_word' id='word_1_188' title='bbox 542 1991 675 2021; x_wconf 82' lang='lat' dir='ltr'>Romuli</span> <span class='ocrx_word' id='word_1_189' title='bbox 685 2002 696 2021; x_wconf 89' lang='lat'>.·</span> 
     </span>
     <span class='ocr_line' id='line_1_43' title="bbox 119 2037 697 2078; baseline 0 -10"><span class='ocrx_word' id='word_1_190' title='bbox 119 2038 147 2068; x_wconf 83' lang='lat' dir='ltr'>si</span> <span class='ocrx_word' id='word_1_191' title='bbox 173 2037 369 2076; x_wconf 87' lang='lat' dir='ltr'>injuriosum</span> <span class='ocrx_word' id='word_1_192' title='bbox 401 2044 569 2078; x_wconf 85' lang='lat' dir='ltr'>poetarum</span> <span class='ocrx_word' id='word_1_193' title='bbox 599 2038 697 2068; x_wconf 83' lang='lat' dir='ltr'>silen-</span> 
     </span>
     <span class='ocr_line' id='line_1_44' title="bbox 121 2083 696 2124; baseline 0.002 -10"><span class='ocrx_word' id='word_1_194' title='bbox 121 2085 204 2115; x_wconf 85' lang='lat' dir='ltr'>tium</span> <span class='ocrx_word' id='word_1_195' title='bbox 225 2084 387 2123; x_wconf 88' lang='lat' dir='ltr'>obstaret,</span> <span class='ocrx_word' id='word_1_196' title='bbox 413 2083 589 2124; x_wconf 71' lang='lat' dir='ltr'>quominus</span> <span class='ocrx_word' id='word_1_197' title='bbox 607 2096 657 2115; x_wconf 88' lang='lat' dir='ltr'>res</span> <span class='ocrx_word' id='word_1_198' title='bbox 679 2084 696 2115; x_wconf 72' lang='lat' dir='ltr'>a</span> 
     </span>
     <span class='ocr_line' id='line_1_45' title="bbox 122 2131 695 2173; baseline -0.002 -10"><span class='ocrx_word' id='word_1_199' title='bbox 122 2131 263 2163; x_wconf 84' lang='lat' dir='ltr'>Romulo</span> <span class='ocrx_word' id='word_1_200' title='bbox 287 2131 438 2173; x_wconf 71' lang='lat' dir='ltr'>praeclare</span> <span class='ocrx_word' id='word_1_201' title='bbox 451 2138 547 2172; x_wconf 85' lang='lat' dir='ltr'>gestae</span> <span class='ocrx_word' id='word_1_202' title='bbox 570 2132 604 2162; x_wconf 92' lang='lat' dir='ltr'>in</span> <span class='ocrx_word' id='word_1_203' title='bbox 626 2143 695 2162; x_wconf 92' lang='lat' dir='ltr'>om-</span> 
     </span>
     <span class='ocr_line' id='line_1_46' title="bbox 123 2178 698 2209; baseline 0.002 -1"><span class='ocrx_word' id='word_1_204' title='bbox 123 2178 214 2208; x_wconf 87' lang='lat' dir='ltr'>nium</span> <span class='ocrx_word' id='word_1_205' title='bbox 233 2188 289 2209; x_wconf 88' lang='lat' dir='ltr'>ore</span> <span class='ocrx_word' id='word_1_206' title='bbox 316 2186 531 2209; x_wconf 83' lang='lat' dir='ltr'>versarentur.</span> <span class='ocrx_word' id='word_1_207' title='bbox 556 2179 698 2209; x_wconf 80' lang='lat' dir='ltr'>Historia</span> 
     </span>
     <span class='ocr_line' id='line_1_47' title="bbox 123 2224 700 2267; baseline 0.002 -12"><span class='ocrx_word' id='word_1_208' title='bbox 123 2224 209 2255; x_wconf 84' lang='lat' dir='ltr'>enim</span> <span class='ocrx_word' id='word_1_209' title='bbox 247 2226 282 2256; x_wconf 88' lang='lat' dir='ltr'>in</span> <span class='ocrx_word' id='word_1_210' title='bbox 315 2235 493 2267; x_wconf 87' lang='lat' dir='ltr'>pancorum</span> <span class='ocrx_word' id='word_1_211' title='bbox 530 2226 700 2266; x_wconf 79' lang='lat' dir='ltr'>manibus3</span> 
     </span>
    </p>
   </div>
   <div class='ocr_carea' id='block_1_10' title="bbox 741 709 1365 2268">
    <p class='ocr_par' dir='ltr' id='par_1_11' title="bbox 741 709 1331 1036">
     <span class='ocr_line' id='line_1_48' title="bbox 741 709 1331 755; baseline 0.005 -15"><span class='ocrx_word' id='word_1_212' title='bbox 741 709 941 741; x_wconf 87' lang='lat' dir='ltr'>carminibus</span> <span class='ocrx_word' id='word_1_213' title='bbox 947 710 1037 748; x_wconf 80' lang='lat' dir='ltr'>vero,</span> <span class='ocrx_word' id='word_1_214' title='bbox 1046 717 1082 741; x_wconf 90' lang='lat' dir='ltr'>ut</span> <span class='ocrx_word' id='word_1_215' title='bbox 1090 710 1227 742; x_wconf 88' lang='lat' dir='ltr'>Achillis</span> <span class='ocrx_word' id='word_1_216' title='bbox 1235 711 1331 755; x_wconf 73' lang='lat' dir='ltr'>Ulys-</span> 
     </span>
     <span class='ocr_line' id='line_1_49' title="bbox 742 756 1329 800; baseline 0.007 -13"><span class='ocrx_word' id='word_1_217' title='bbox 742 759 849 798; x_wconf 89' lang='lat' dir='ltr'>sisque</span> <span class='ocrx_word' id='word_1_218' title='bbox 874 756 961 800; x_wconf 90' lang='lat' dir='ltr'>apud</span> <span class='ocrx_word' id='word_1_219' title='bbox 984 758 1136 796; x_wconf 82' lang='lat' dir='ltr'>Graecos,</span> <span class='ocrx_word' id='word_1_220' title='bbox 1163 761 1273 790; x_wconf 82' lang='lat' dir='ltr'>AEneae</span> <span class='ocrx_word' id='word_1_221' title='bbox 1297 767 1329 790; x_wconf 89' lang='lat' dir='ltr'>et</span> 
     </span>
     <span class='ocr_line' id='line_1_50' title="bbox 743 805 1328 847; baseline 0.005 -12"><span class='ocrx_word' id='word_1_222' title='bbox 743 806 886 846; x_wconf 84' lang='lat' dir='ltr'>Augusti</span> <span class='ocrx_word' id='word_1_223' title='bbox 923 805 1012 847; x_wconf 85' lang='lat' dir='ltr'>apud</span> <span class='ocrx_word' id='word_1_224' title='bbox 1054 808 1241 846; x_wconf 85' lang='lat' dir='ltr'>Romanos,</span> <span class='ocrx_word' id='word_1_225' title='bbox 1282 807 1328 838; x_wconf 83' lang='lat' dir='ltr'>sic</span> 
     </span>
     <span class='ocr_line' id='line_1_51' title="bbox 745 851 1326 894; baseline 0.005 -12"><span class='ocrx_word' id='word_1_226' title='bbox 745 851 833 894; x_wconf 75' lang='lat' dir='ltr'>apud</span> <span class='ocrx_word' id='word_1_227' title='bbox 869 854 1066 883; x_wconf 82' lang='lat' dir='ltr'>recentiores</span> <span class='ocrx_word' id='word_1_228' title='bbox 1111 854 1326 893; x_wconf 83' lang='lat' dir='ltr'>Gothofredi‚</span> 
     </span>
     <span class='ocr_line' id='line_1_52' title="bbox 744 899 1329 942; baseline 0.005 -13"><span class='ocrx_word' id='word_1_229' title='bbox 744 899 915 937; x_wconf 85' lang='lat' dir='ltr'>Rollandi,</span> <span class='ocrx_word' id='word_1_230' title='bbox 938 901 1074 931; x_wconf 82' lang='lat' dir='ltr'>Heurici</span> <span class='ocrx_word' id='word_1_231' title='bbox 1101 903 1219 942; x_wconf 82' lang='lat' dir='ltr'>Quarti</span> <span class='ocrx_word' id='word_1_232' title='bbox 1247 902 1329 932; x_wconf 82' lang='lat' dir='ltr'>fama</span> 
     </span>
     <span class='ocr_line' id='line_1_53' title="bbox 744 945 1329 988; baseline 0.009 -12"><span class='ocrx_word' id='word_1_233' title='bbox 744 947 848 977; x_wconf 74' lang='lat' dir='ltr'>multo</span> <span class='ocrx_word' id='word_1_234' title='bbox 867 945 964 977; x_wconf 73' lang='lat' dir='ltr'>latius</span> <span class='ocrx_word' id='word_1_235' title='bbox 980 946 1079 988; x_wconf 75' lang='lat' dir='ltr'>quam</span> <span class='ocrx_word' id='word_1_236' title='bbox 1095 948 1329 981; x_wconf 86' lang='lat' dir='ltr'>historicorum</span> 
     </span>
     <span class='ocr_line' id='line_1_54' title="bbox 744 1001 1067 1036; baseline 0.003 -11"><span class='ocrx_word' id='word_1_237' title='bbox 744 1005 806 1035; x_wconf 89' lang='lat' dir='ltr'>ope</span> <span class='ocrx_word' id='word_1_238' title='bbox 820 1001 993 1036; x_wconf 84' lang='lat' dir='ltr'>pervagata</span> <span class='ocrx_word' id='word_1_239' title='bbox 1008 1002 1067 1026; x_wconf 88' lang='lat' dir='ltr'>est.</span> 
     </span>
    </p>

    <p class='ocr_par' dir='ltr' id='par_1_12' title="bbox 743 1042 1365 2268">
     <span class='ocr_line' id='line_1_55' title="bbox 791 1042 1328 1085; baseline 0.007 -14"><span class='ocrx_word' id='word_1_240' title='bbox 791 1042 824 1071; x_wconf 88' lang='lat'>6.</span> <span class='ocrx_word' id='word_1_241' title='bbox 854 1043 1012 1083; x_wconf 82' lang='lat' dir='ltr'>Ereptum</span> <span class='ocrx_word' id='word_1_242' title='bbox 1042 1042 1162 1085; x_wconf 71' lang='lat' dir='ltr'>Stygiis</span> <span class='ocrx_word' id='word_1_243' title='bbox 1178 1043 1328 1083; x_wconf 79' lang='lat' dir='ltr'>fluctibus</span> 
     </span>
     <span class='ocr_line' id='line_1_56' title="bbox 744 1087 1328 1134; baseline 0.01 -17"><span class='ocrx_word' id='word_1_244' title='bbox 744 1087 884 1118; x_wconf 81' lang='lat' dir='ltr'>AEacum</span> <span class='ocrx_word' id='word_1_245' title='bbox 901 1100 912 1118; x_wconf 94' lang='lat'><em>:</em></span> <span class='ocrx_word' id='word_1_246' title='bbox 930 1091 1060 1128; x_wconf 86' lang='lat' dir='ltr'>AEacus,</span> <span class='ocrx_word' id='word_1_247' title='bbox 1076 1091 1111 1120; x_wconf 89' lang='lat' dir='ltr'>in</span> <span class='ocrx_word' id='word_1_248' title='bbox 1127 1089 1235 1121; x_wconf 66' lang='lat' dir='ltr'>insula</span> <span class='ocrx_word' id='word_1_249' title='bbox 1251 1093 1328 1134; x_wconf 87' lang='lat' dir='ltr'>Egi·</span> 
     </span>
     <span class='ocr_line' id='line_1_57' title="bbox 743 1134 1332 1179; baseline 0.01 -15"><span class='ocrx_word' id='word_1_250' title='bbox 743 1134 785 1165; x_wconf 61' lang='lat' dir='ltr'>nst</span> <span class='ocrx_word' id='word_1_251' title='bbox 801 1135 919 1177; x_wconf 80' lang='lat' dir='ltr'>(hodie</span> <span class='ocrx_word' id='word_1_252' title='bbox 937 1136 1069 1179; x_wconf 78' lang='lat' dir='ltr'>Engia)</span> <span class='ocrx_word' id='word_1_253' title='bbox 1084 1148 1161 1176; x_wconf 86' lang='lat' dir='ltr'>rex,</span> <span class='ocrx_word' id='word_1_254' title='bbox 1180 1138 1270 1169; x_wconf 70' lang='lat' dir='ltr'>tanta</span> <span class='ocrx_word' id='word_1_255' title='bbox 1284 1150 1332 1170; x_wconf 89' lang='lat' dir='ltr'>se—</span> 
     </span>
     <span class='ocr_line' id='line_1_58' title="bbox 745 1185 1329 1223; baseline 0.009 -10"><span class='ocrx_word' id='word_1_256' title='bbox 745 1185 879 1214; x_wconf 85' lang='lat' dir='ltr'>veritate</span> <span class='ocrx_word' id='word_1_257' title='bbox 898 1185 1059 1223; x_wconf 87' lang='lat' dir='ltr'>justitiam</span> <span class='ocrx_word' id='word_1_258' title='bbox 1077 1186 1112 1216; x_wconf 90' lang='lat' dir='ltr'>in</span> <span class='ocrx_word' id='word_1_259' title='bbox 1135 1196 1211 1216; x_wconf 87' lang='lat' dir='ltr'>suos</span> <span class='ocrx_word' id='word_1_260' title='bbox 1233 1197 1329 1218; x_wconf 82' lang='lat' dir='ltr'>exer·</span> 
     </span>
     <span class='ocr_line' id='line_1_59' title="bbox 744 1233 1330 1275; baseline 0.009 -15"><span class='ocrx_word' id='word_1_261' title='bbox 744 1233 828 1269; x_wconf 89' lang='lat' dir='ltr'>cuit,</span> <span class='ocrx_word' id='word_1_262' title='bbox 862 1237 899 1261; x_wconf 92' lang='lat' dir='ltr'>ut</span> <span class='ocrx_word' id='word_1_263' title='bbox 921 1239 998 1273; x_wconf 84' lang='lat' dir='ltr'>post</span> <span class='ocrx_word' id='word_1_264' title='bbox 1026 1239 1168 1263; x_wconf 84' lang='lat' dir='ltr'>mortem</span> <span class='ocrx_word' id='word_1_265' title='bbox 1193 1233 1330 1275; x_wconf 86' lang='lat' dir='ltr'>dignum</span> 
     </span>
     <span class='ocr_line' id='line_1_60' title="bbox 744 1277 1330 1322; baseline 0.009 -14"><span class='ocrx_word' id='word_1_266' title='bbox 744 1288 819 1310; x_wconf 87' lang='lat' dir='ltr'>eum</span> <span class='ocrx_word' id='word_1_267' title='bbox 840 1286 944 1319; x_wconf 85' lang='lat' dir='ltr'>poetae</span> <span class='ocrx_word' id='word_1_268' title='bbox 967 1277 1143 1319; x_wconf 83' lang='lat' dir='ltr'>finxerint,</span> <span class='ocrx_word' id='word_1_269' title='bbox 1165 1281 1330 1322; x_wconf 89' lang='lat' dir='ltr'>quinon,</span> 
     </span>
     <span class='ocr_line' id='line_1_61' title="bbox 745 1326 1332 1370; baseline 0.009 -15"><span class='ocrx_word' id='word_1_270' title='bbox 745 1333 783 1356; x_wconf 89' lang='lat' dir='ltr'>ut</span> <span class='ocrx_word' id='word_1_271' title='bbox 802 1332 916 1357; x_wconf 87' lang='lat' dir='ltr'>ceterae</span> <span class='ocrx_word' id='word_1_272' title='bbox 933 1326 1069 1365; x_wconf 73' lang='lat' dir='ltr'>umbrae,</span> <span class='ocrx_word' id='word_1_273' title='bbox 1089 1328 1209 1370; x_wconf 81' lang='lat' dir='ltr'>Stygiis</span> <span class='ocrx_word' id='word_1_274' title='bbox 1223 1327 1332 1360; x_wconf 88' lang='lat' dir='ltr'>flucti-</span> 
     </span>
     <span class='ocr_line' id='line_1_62' title="bbox 743 1372 1332 1412; baseline 0.008 -10"><span class='ocrx_word' id='word_1_275' title='bbox 743 1372 806 1404; x_wconf 87' lang='lat' dir='ltr'>bus</span> <span class='ocrx_word' id='word_1_276' title='bbox 820 1373 1040 1412; x_wconf 88' lang='lat' dir='ltr'>cohiberetur,</span> <span class='ocrx_word' id='word_1_277' title='bbox 1055 1386 1130 1406; x_wconf 91' lang='lat' dir='ltr'>cnm</span> <span class='ocrx_word' id='word_1_278' title='bbox 1147 1375 1244 1407; x_wconf 71' lang='lat' dir='ltr'>turba</span> <span class='ocrx_word' id='word_1_279' title='bbox 1256 1387 1332 1407; x_wconf 90' lang='lat' dir='ltr'>con-</span> 
     </span>
     <span class='ocr_line' id='line_1_63' title="bbox 744 1420 1332 1463; baseline 0.009 -13"><span class='ocrx_word' id='word_1_280' title='bbox 744 1420 854 1459; x_wconf 91' lang='lat' dir='ltr'>fusus,</span> <span class='ocrx_word' id='word_1_281' title='bbox 880 1421 936 1451; x_wconf 88' lang='lat' dir='ltr'>sed</span> <span class='ocrx_word' id='word_1_282' title='bbox 976 1423 1113 1452; x_wconf 86' lang='lat' dir='ltr'>mortuis</span> <span class='ocrx_word' id='word_1_283' title='bbox 1146 1422 1332 1463; x_wconf 77' lang='lat' dir='ltr'>judicandis</span> 
     </span>
     <span class='ocr_line' id='line_1_64' title="bbox 745 1469 1328 1503; baseline 0.009 -5"><span class='ocrx_word' id='word_1_284' title='bbox 745 1479 819 1499; x_wconf 86' lang='lat' dir='ltr'>cum</span> <span class='ocrx_word' id='word_1_285' title='bbox 859 1469 974 1499; x_wconf 89' lang='lat' dir='ltr'>Minoe</span> <span class='ocrx_word' id='word_1_286' title='bbox 1009 1476 1040 1499; x_wconf 89' lang='lat' dir='ltr'>et</span> <span class='ocrx_word' id='word_1_287' title='bbox 1079 1470 1328 1503; x_wconf 83' lang='lat' dir='ltr'>Rhadamantho</span> 
     </span>
     <span class='ocr_line' id='line_1_65' title="bbox 748 1515 1332 1558; baseline 0.009 -13"><span class='ocrx_word' id='word_1_288' title='bbox 748 1515 978 1557; x_wconf 63' lang='lat' dir='ltr'>praeficeretur.</span> <span class='ocrx_word' id='word_1_289' title='bbox 1008 1518 1110 1558; x_wconf 84' lang='lat' dir='ltr'>Egina</span> <span class='ocrx_word' id='word_1_290' title='bbox 1132 1519 1192 1549; x_wconf 89' lang='lat' dir='ltr'>sita</span> <span class='ocrx_word' id='word_1_291' title='bbox 1221 1525 1270 1549; x_wconf 87' lang='lat' dir='ltr'>est</span> <span class='ocrx_word' id='word_1_292' title='bbox 1296 1520 1332 1550; x_wconf 89' lang='lat' dir='ltr'>in</span> 
     </span>
     <span class='ocr_line' id='line_1_66' title="bbox 749 1562 1332 1607; baseline 0.009 -14"><span class='ocrx_word' id='word_1_293' title='bbox 749 1562 786 1594; x_wconf 67' lang='lat' dir='ltr'>ea</span> <span class='ocrx_word' id='word_1_294' title='bbox 802 1571 891 1605; x_wconf 81' lang='lat' dir='ltr'>parte</span> <span class='ocrx_word' id='word_1_295' title='bbox 913 1565 1009 1594; x_wconf 88' lang='lat' dir='ltr'>maris</span> <span class='ocrx_word' id='word_1_296' title='bbox 1033 1566 1123 1607; x_wconf 83' lang='lat' dir='ltr'>AEgei</span> <span class='ocrx_word' id='word_1_297' title='bbox 1147 1577 1220 1607; x_wconf 89' lang='lat' dir='ltr'>qnae</span> <span class='ocrx_word' id='word_1_298' title='bbox 1240 1567 1332 1598; x_wconf 87' lang='lat' dir='ltr'>sinus</span> 
     </span>
     <span class='ocr_line' id='line_1_67' title="bbox 748 1611 1333 1657; baseline 0.007 -16"><span class='ocrx_word' id='word_1_299' title='bbox 748 1611 923 1642; x_wconf 88' lang='lat' dir='ltr'>Saronicus</span> <span class='ocrx_word' id='word_1_300' title='bbox 947 1612 1066 1642; x_wconf 88' lang='lat' dir='ltr'>dicitur</span> <span class='ocrx_word' id='word_1_301' title='bbox 1094 1612 1219 1655; x_wconf 74' lang='lat' dir='ltr'>(hodie</span> <span class='ocrx_word' id='word_1_302' title='bbox 1240 1614 1333 1657; x_wconf 65' lang='lat' dir='ltr'>goffe</span> 
     </span>
     <span class='ocr_line' id='line_1_68' title="bbox 747 1658 1331 1703; baseline 0.005 -14"><span class='ocrx_word' id='word_1_303' title='bbox 747 1658 934 1702; x_wconf 81' lang='lat' dir='ltr'>d’Engia),</span> <span class='ocrx_word' id='word_1_304' title='bbox 956 1670 1094 1701; x_wconf 79' lang='lat' dir='ltr'>quaeque</span> <span class='ocrx_word' id='word_1_305' title='bbox 1109 1661 1265 1703; x_wconf 87' lang='lat' dir='ltr'>Argolida</span> <span class='ocrx_word' id='word_1_306' title='bbox 1285 1662 1331 1692; x_wconf 88' lang='lat' dir='ltr'>al-</span> 
     </span>
     <span class='ocr_line' id='line_1_69' title="bbox 747 1706 1332 1750; baseline 0.009 -15"><span class='ocrx_word' id='word_1_307' title='bbox 747 1706 821 1737; x_wconf 89' lang='lat' dir='ltr'>luit.</span> <span class='ocrx_word' id='word_1_308' title='bbox 845 1725 894 1730; x_wconf 92' lang='lat'>—</span> <span class='ocrx_word' id='word_1_309' title='bbox 921 1706 1029 1737; x_wconf 84' lang='lat' dir='ltr'>Virtus</span> <span class='ocrx_word' id='word_1_310' title='bbox 1055 1718 1066 1738; x_wconf 93' lang='lat'><em>:</em></span> <span class='ocrx_word' id='word_1_311' title='bbox 1092 1710 1215 1750; x_wconf 87' lang='lat' dir='ltr'>ingenii</span> <span class='ocrx_word' id='word_1_312' title='bbox 1250 1719 1332 1750; x_wconf 83' lang='lat' dir='ltr'>prae-</span> 
     </span>
     <span class='ocr_line' id='line_1_70' title="bbox 749 1754 1332 1797; baseline 0.007 -14"><span class='ocrx_word' id='word_1_313' title='bbox 749 1755 876 1785; x_wconf 89' lang='lat' dir='ltr'>stantia.</span> <span class='ocrx_word' id='word_1_314' title='bbox 921 1754 1012 1784; x_wconf 86' lang='lat' dir='ltr'>Viles</span> <span class='ocrx_word' id='word_1_315' title='bbox 1076 1755 1164 1785; x_wconf 85' lang='lat' dir='ltr'>enim</span> <span class='ocrx_word' id='word_1_316' title='bbox 1226 1763 1332 1797; x_wconf 89' lang='lat' dir='ltr'>poetae</span> 
     </span>
     <span class='ocr_line' id='line_1_71' title="bbox 748 1800 1365 1834; baseline 0.006 -4"><span class='ocrx_word' id='word_1_317' title='bbox 748 1800 873 1831; x_wconf 87' lang='lat' dir='ltr'>nullam</span> <span class='ocrx_word' id='word_1_318' title='bbox 914 1800 1072 1832; x_wconf 88' lang='lat' dir='ltr'>heroibus</span> <span class='ocrx_word' id='word_1_319' title='bbox 1109 1803 1175 1833; x_wconf 90' lang='lat' dir='ltr'>suis</span> <span class='ocrx_word' id='word_1_320' title='bbox 1198 1803 1330 1834; x_wconf 85' lang='lat' dir='ltr'>laudem</span> <span class='ocrx_word' id='word_1_321' title='bbox 1363 1823 1365 1825; x_wconf 61' lang='lat'>&gt;</span> 
     </span>
     <span class='ocr_line' id='line_1_72' title="bbox 748 1847 1330 1888; baseline 0.009 -11"><span class='ocrx_word' id='word_1_322' title='bbox 748 1849 908 1888; x_wconf 81' lang='lat' dir='ltr'>pariunt3</span> <span class='ocrx_word' id='word_1_323' title='bbox 942 1847 1030 1878; x_wconf 69' lang='lat' dir='ltr'>unde</span> <span class='ocrx_word' id='word_1_324' title='bbox 1068 1850 1185 1880; x_wconf 74' lang='lat' dir='ltr'>meriti)</span> <span class='ocrx_word' id='word_1_325' title='bbox 1216 1850 1330 1882; x_wconf 88' lang='lat' dir='ltr'>addit:</span> 
     </span>
     <span class='ocr_line' id='line_1_73' title="bbox 749 1895 1330 1936; baseline 0.007 -11"><span class='ocrx_word' id='word_1_326' title='bbox 749 1902 867 1925; x_wconf 84' lang='lat' dir='ltr'>vatum</span> <span class='ocrx_word' id='word_1_327' title='bbox 887 1895 1067 1936; x_wconf 79' lang='lat' dir='ltr'>potentium</span> <span class='ocrx_word' id='word_1_328' title='bbox 1080 1919 1089 1932; x_wconf 88' lang='lat'>,</span> <span class='ocrx_word' id='word_1_329' title='bbox 1114 1897 1148 1929; x_wconf 88' lang='lat' dir='ltr'>h.</span> <span class='ocrx_word' id='word_1_330' title='bbox 1167 1908 1196 1929; x_wconf 89' lang='lat' dir='ltr'>e.</span> <span class='ocrx_word' id='word_1_331' title='bbox 1219 1898 1330 1929; x_wconf 82' lang='lat' dir='ltr'>excel-</span> 
     </span>
     <span class='ocr_line' id='line_1_74' title="bbox 749 1941 1328 1983; baseline 0.007 -11"><span class='ocrx_word' id='word_1_332' title='bbox 749 1941 899 1973; x_wconf 86' lang='lat' dir='ltr'>lentium.</span> <span class='ocrx_word' id='word_1_333' title='bbox 923 1961 970 1966; x_wconf 89' lang='lat'>-—</span> <span class='ocrx_word' id='word_1_334' title='bbox 994 1944 1100 1973; x_wconf 85' lang='lat' dir='ltr'>Favor</span> <span class='ocrx_word' id='word_1_335' title='bbox 1124 1955 1136 1974; x_wconf 91' lang='lat'><em>:</em></span> <span class='ocrx_word' id='word_1_336' title='bbox 1165 1944 1328 1983; x_wconf 89' lang='lat' dir='ltr'>studium,</span> 
     </span>
     <span class='ocr_line' id='line_1_75' title="bbox 751 1989 1332 2034; baseline 0.007 -15"><span class='ocrx_word' id='word_1_337' title='bbox 751 1999 854 2027; x_wconf 78' lang='lat' dir='ltr'>amor,</span> <span class='ocrx_word' id='word_1_338' title='bbox 880 1989 1068 2029; x_wconf 87' lang='lat' dir='ltr'>admiratio,</span> <span class='ocrx_word' id='word_1_339' title='bbox 1100 1991 1236 2022; x_wconf 84' lang='lat' dir='ltr'>affectus</span> <span class='ocrx_word' id='word_1_340' title='bbox 1257 1994 1332 2034; x_wconf 89' lang='lat' dir='ltr'>qui-</span> 
     </span>
     <span class='ocr_line' id='line_1_76' title="bbox 752 2036 1332 2078; baseline 0.007 -12"><span class='ocrx_word' id='word_1_341' title='bbox 752 2036 825 2068; x_wconf 87' lang='lat' dir='ltr'>dam</span> <span class='ocrx_word' id='word_1_342' title='bbox 856 2036 930 2078; x_wconf 72' lang='lat' dir='ltr'>erga</span> <span class='ocrx_word' id='word_1_343' title='bbox 961 2039 1068 2068; x_wconf 88' lang='lat' dir='ltr'>virum</span> <span class='ocrx_word' id='word_1_344' title='bbox 1094 2039 1180 2069; x_wconf 89' lang='lat' dir='ltr'>inter</span> <span class='ocrx_word' id='word_1_345' title='bbox 1210 2040 1332 2070; x_wconf 87' lang='lat' dir='ltr'>multos</span> 
     </span>
     <span class='ocr_line' id='line_1_77' title="bbox 751 2083 1333 2126; baseline 0.007 -13"><span class='ocrx_word' id='word_1_346' title='bbox 751 2083 830 2114; x_wconf 84' lang='lat' dir='ltr'>alios</span> <span class='ocrx_word' id='word_1_347' title='bbox 856 2084 1030 2122; x_wconf 84' lang='lat' dir='ltr'>selectum,</span> <span class='ocrx_word' id='word_1_348' title='bbox 1060 2096 1157 2126; x_wconf 89' lang='lat' dir='ltr'>quem</span> <span class='ocrx_word' id='word_1_349' title='bbox 1183 2086 1333 2117; x_wconf 80' lang='lat' dir='ltr'>cantibus</span> 
     </span>
     <span class='ocr_line' id='line_1_78' title="bbox 749 2132 1335 2174; baseline 0.005 -13"><span class='ocrx_word' id='word_1_350' title='bbox 749 2132 816 2161; x_wconf 83' lang='lat' dir='ltr'>suis</span> <span class='ocrx_word' id='word_1_351' title='bbox 837 2132 1070 2162; x_wconf 80' lang='lat' dir='ltr'>immortalitati</span> <span class='ocrx_word' id='word_1_352' title='bbox 1094 2140 1189 2174; x_wconf 87' lang='lat' dir='ltr'>poeta</span> <span class='ocrx_word' id='word_1_353' title='bbox 1221 2144 1335 2164; x_wconf 84' lang='lat' dir='ltr'>conse-</span> 
     </span>
     <span class='ocr_line' id='line_1_79' title="bbox 753 2178 1333 2211; baseline 0.007 -4"><span class='ocrx_word' id='word_1_354' title='bbox 753 2185 830 2210; x_wconf 88' lang='lat' dir='ltr'>cret.</span> <span class='ocrx_word' id='word_1_355' title='bbox 846 2196 895 2202; x_wconf 90' lang='lat'>—-</span> <span class='ocrx_word' id='word_1_356' title='bbox 906 2178 1062 2209; x_wconf 75' lang='lat' dir='ltr'>Divitibus</span> <span class='ocrx_word' id='word_1_357' title='bbox 1079 2179 1190 2211; x_wconf 79' lang='lat' dir='ltr'>insulis</span> <span class='ocrx_word' id='word_1_358' title='bbox 1208 2191 1220 2210; x_wconf 89' lang='lat'><em>:</em></span> <span class='ocrx_word' id='word_1_359' title='bbox 1240 2180 1333 2211; x_wconf 86' lang='lat' dir='ltr'>intel-</span> 
     </span>
     <span class='ocr_line' id='line_1_80' title="bbox 752 2224 1334 2268; baseline 0.003 -12"><span class='ocrx_word' id='word_1_360' title='bbox 752 2224 816 2268; x_wconf 84' lang='lat' dir='ltr'>lige</span> <span class='ocrx_word' id='word_1_361' title='bbox 838 2226 926 2257; x_wconf 84' lang='lat' dir='ltr'>locos</span> <span class='ocrx_word' id='word_1_362' title='bbox 951 2226 1042 2258; x_wconf 79' lang='lat' dir='ltr'>loecos</span> <span class='ocrx_word' id='word_1_363' title='bbox 1069 2234 1102 2258; x_wconf 85' lang='lat' dir='ltr'>et</span> <span class='ocrx_word' id='word_1_364' title='bbox 1126 2238 1259 2259; x_wconf 80' lang='lat' dir='ltr'>amaena</span> <span class='ocrx_word' id='word_1_365' title='bbox 1284 2226 1334 2258; x_wconf 82' lang='lat' dir='ltr'>vi-</span> 
     </span>
    </p>
   </div>
  </div>
 </body>
</html>
