1422 2528
554 122 634 155 LIB.
653 121 669 151 1
683 121 843 153 SATIRA
861 121 919 151 IV.

1280 122 1344 146 211

131 183 320 224 Garrulus
331 211 342 231 ‚
358 189 474 234 atque
488 181 601 234 piger
613 180 809 219 scribendi
825 180 927 217 ferre
942 177 1116 216 lahorem
1128 206 1138 225 ,

132 244 335 292 Scribendi
349 244 475 290 recte3
494 246 603 290 nam,
619 250 663 279 ut
681 243 845 280 multum
857 270 867 288 ‚
885 241 940 278 nil
958 251 1102 277 moror.
1118 238 1218 276 Ecce

132 305 332 357 Crispinus
345 302 363 345 4
378 303 538 342 minimo
551 316 614 341 me
630 311 840 354 provocat:
862 301 1088 351 ——Accipe‚
1107 299 1139 336 si
1155 299 1213 336 vis
1227 329 1236 347 ‚

134 367 337 419 Accipiam
351 365 516 417 tabulas.
535 368 660 403 Detur
673 364 785 402 nobis
806 363 936 410 locus,
952 362 1070 408 hora,
1316 369 1348 394 ¹⁵

134 429 342 475 Custodes3
357 427 556 466 videamus
585 436 672 466 uter
690 426 776 478 plus
791 424 961 463 scribere
973 423 1106 475 possit.
1121 444 1174 452 -

134 489 186 528 Di
205 489 305 527 bene
322 489 495 530 fecerunt
515 487 548 534 ⁵,
566 487 692 539 inopis
706 500 767 525 me
784 485 967 537 quodque
986 485 1118 536 pusilli

134 540 348 590 Fi'nixerunt
363 549 500 596 animi,
521 547 610 587 raro
626 559 664 587 et
684 561 879 600 perpauca
894 547 1098 598 loquentis.

137 615 188 651 At
205 620 248 650 tu
266 611 463 650 conclusas
477 610 638 649 hircinis
658 609 814 648 follibus
834 621 947 647 auras
958 637 968 656 ,

138 828 192 852 tur
208 820 316 852 tamen
336 820 455 852 Noster
476 818 629 850 nonnihil
650 829 717 849 esse

139 869 174 898 in
194 867 319 899 Lucilio
344 866 434 908 quod
462 866 560 897 lande
582 865 717 908 dignum

140 917 196 953 sit,
217 914 307 956 quod
322 913 412 951 tolli,
427 914 461 944 h.
473 924 501 945 e.
513 913 604 955 seligi
617 920 649 944 et
664 923 720 943 no-

140 962 202 993 tari
224 967 397 992 mereatur.
423 960 478 992 Ab
501 962 640 994 Horatio
659 959 723 991 dis-

141 1009 240 1040 sentit
254 1007 478 1049 Quintilianus
487 1031 497 1046 ‚
511 1010 543 1039 X
555 1031 564 1046 ‚
580 1019 594 1038 1
607 1019 617 1046 3
633 1009 719 1050 Ego,

99 1078 102 1080 -
140 1057 248 1098 inquit
253 1055 483 1087 celeberrimus
491 1055 612 1093 rhetor,
620 1066 723 1096 quan-

142 1103 210 1134 tiam
228 1102 270 1134 ab
285 1102 351 1134 illis
366 1102 443 1144 (qui
458 1103 566 1133 omnia
579 1104 614 1133 in
629 1103 722 1133 Luci-

141 1149 188 1181 lio
209 1148 390 1191 mirantur)
405 1150 532 1180 taurian
551 1149 592 1180 ab
614 1151 721 1180 Hora-

141 1197 187 1229 tio
201 1196 354 1228 dissencio
367 1196 426 1238 qui
446 1197 602 1227 Lucilium
621 1196 722 1227 fluere

141 1244 340 1276 lutulentum
352 1267 362 1282 ‚
375 1251 409 1275 et
423 1254 490 1275 esse
502 1244 628 1286 aliquid
641 1243 722 1286 quid

141 1291 255 1323 tollere
278 1292 400 1335 possis,
424 1299 532 1333 putat.
566 1291 655 1323 Neam
690 1299 724 1322 et

142 1338 281 1371 eruditio
297 1339 330 1370 in
345 1349 383 1369 eo
401 1339 504 1375 mira,
524 1347 558 1370 et
574 1338 716 1375 libertas,

141 1393 241 1428 atque
261 1385 339 1417 ind&
352 1385 527 1423 acerbitas,
545 1393 578 1417 ee
593 1385 722 1416 abunde=

142 1433 232 1466 salis.
249 1450 293 1458 -—-
311 1433 468 1464 Garrulus
484 1444 496 1464 .·
516 1434 552 1463 in
574 1434 722 1464 oratione

143 1479 300 1519 diffusus,
342 1479 519 1511 verborum
566 1479 721 1522 prodigus

143 1527 323 1566 inutilium,
329 1534 366 1558 ut
372 1527 529 1570 quipiger
534 1524 626 1568 ferre
635 1527 723 1558 labo-

146 1585 214 1605 rem
236 1574 408 1612 scribendi,
423 1575 507 1605 nihil
520 1585 562 1606 ex
577 1585 616 1606 eo
634 1573 724 1616 quod

146 1621 247 1653 semel
263 1622 436 1652 effluxerat
453 1629 626 1660 resecaret,
642 1621 726 1652 nihil

145 1668 233 1700 limae
244 1692 253 1709 ‚
271 1668 356 1700 nihil
372 1668 487 1700 incudi
503 1669 663 1701 redderet.
679 1687 727 1693 -

148 1715 239 1747 Νὰπι
265 1724 302 1747 ut
324 1717 471 1755 malliam,
507 1716 557 1748 nil
581 1727 692 1748 moror
715 1728 728 1747 .-

147 1761 263 1805 partun
277 1763 375 1795 refert
391 1763 551 1806 quantum
565 1765 638 1806 quis
651 1765 728 1795 seri-

148 1809 219 1849 bat3
251 1812 350 1843 refert
378 1811 486 1842 autem
518 1812 618 1852 quam
640 1811 728 1843 recte

149 1864 182 1889 et
194 1859 319 1890 ornate.

199 1911 231 1943 4.
260 1906 347 1937 Eae&
387 1905 551 1947 Crispinus
579 1917 591 1936 .-
625 1916 729 1937 nexus

148 1955 328 1986 sententiae.
351 1952 436 1985 Vide
460 1954 558 1995 quam
581 1964 632 1984 res
655 1964 732 1984 con-

147 2006 275 2043 temptu
301 2000 399 2043 digna
427 2001 468 2032 sit
492 2000 593 2032 multa
618 2000 730 2043 rapide

149 2054 184 2078 ot
208 2047 278 2079 sine
304 2047 471 2091 diligentia
504 2047 657 2079 scribere.
680 2049 728 2079 Eo

149 2094 222 2136 ipso
243 2102 389 2138 tempore
407 2106 474 2137 quo
498 2095 663 2127 Lucilium
687 2095 731 2126 ob

150 2139 238 2173 hanc
275 2143 411 2175 nimium
451 2143 635 2174 facilitatem
681 2153 731 2174 re-

151 2189 340 2231 prehendo,
357 2190 432 2222 εσεὲ
458 2189 640 2232 Crispinus,
662 2201 731 2222 non

152 2234 261 2269 solim
281 2238 318 2270 in
342 2239 465 2271 caeteris
498 2237 623 2281 Lucilio
651 2237 733 2270 infe-

770 818 848 856 rior,
887 817 943 848 sed
973 817 1150 848 latinorum
1179 823 1350 859 poetarum

770 866 947 906 pessimus,
973 875 1024 894 me
1042 864 1082 894 ad
1099 872 1261 895 certamen
1279 875 1354 906 pro-

773 918 887 949 vocat,
918 919 955 942 ut
985 911 1152 950 judicetur
1187 912 1259 942 uter
1280 911 1354 952 plies

775 959 912 989 scribere
950 958 1075 1000 possit5
1115 959 1225 989 vincet
1269 959 1354 990 certe

776 1007 964 1048 Crispinus;
979 1005 1060 1047 quid
1075 1004 1174 1036 inde?
1190 1023 1238 1029 —-
1256 1005 1356 1036 Mini-

776 1064 829 1084 mo
843 1065 854 1083 :
870 1053 1007 1084 subaud.
1028 1053 1140 1095 digito.
1169 1054 1297 1095 Pugiles
1324 1060 1357 1084 et

775 1101 982 1143 gladiatores,
1021 1099 1096 1132 cum
1133 1099 1174 1130 ad
1212 1111 1355 1144 pugnam

774 1148 998 1190 provocabant
1018 1148 1237 1179 adversarium
1259 1159 1356 1191 quem

776 1195 1047 1234 contemnebant,
1079 1206 1154 1226 eum
1185 1207 1255 1227 uno
1279 1207 1354 1238 por-

775 1251 867 1274 recto
889 1242 992 1284 digito
1005 1266 1014 1278 ,
1037 1250 1069 1273 et
1084 1253 1123 1274 eo
1142 1243 1273 1285 quidem
1295 1245 1356 1274 mi-

775 1292 866 1321 nimo
893 1289 1041 1321 solebant
1067 1290 1240 1329 lacessere,
1265 1291 1358 1332 quasi

775 1337 943 1369 hominem
959 1348 998 1368 eo
1023 1337 1124 1379 digito
1149 1338 1308 1377 dejecturi
1326 1344 1359 1369 et

773 1385 978 1426 prostraturi.

823 1432 854 1463 5.
875 1431 926 1462 Dc‘
937 1431 1179 1474 benefecerunt
1194 1443 1206 1463 :
1228 1441 1358 1474 magnas

775 1478 846 1509 Diis
885 1489 947 1520 ago
995 1481 1128 1520 gratias,
1183 1479 1361 1521 respondet

775 1525 899 1557 ironice
916 1528 1088 1564 Horatius,
1105 1527 1194 1568 quod
1209 1537 1261 1557 me
1275 1528 1361 1558 timi-

778 1573 860 1604 dum
878 1572 1066 1611 finxerunt,
1094 1575 1211 1615 pusilli
1230 1574 1356 1612 animi,

779 1620 813 1652 h.
846 1631 874 1652 e.
909 1620 1033 1652 viribus
1062 1623 1128 1652 suis
1161 1621 1357 1659 diffidentis,

781 1668 856 1698 νανὸ
877 1674 910 1698 et
924 1679 1095 1709 perpauca
1115 1669 1290 1711 loquentis,
1312 1668 1359 1700 ita

781 1714 923 1756 denique
935 1714 1129 1756 dispositum
1145 1724 1199 1754 ut,
1229 1716 1364 1747 nonnisi

779 1761 944 1804 praemissa
960 1763 1057 1806 longa
1078 1763 1286 1795 meditatione
1296 1787 1305 1802 ‚
1321 1763 1361 1794 ad

783 1809 905 1851 aliquid
926 1817 984 1840 aut
1002 1810 1204 1852 loquendum
1219 1817 1275 1842 aut
1288 1812 1363 1841 scri-

783 1857 929 1888 bendum
954 1859 1114 1900 accingar.
1145 1857 1257 1900 Itaque
1288 1865 1360 1896 tua,

784 1905 805 1935 ὁ
827 1906 994 1946 Crispine,
1015 1907 1208 1947 provocatio
1227 1904 1268 1936 ad
1287 1915 1358 1942 me,

783 1952 869 1983 tardi
882 1954 1004 1994 ingenii
1016 1960 1161 1994 poetam,
1181 1963 1251 1984 non
1268 1953 1364 1994 perti-

783 2007 850 2032 net.
866 2017 914 2024 --
932 2001 981 2030 At
1006 2007 1056 2039 tu,
1079 2007 1141 2031 etc.
1165 2009 1174 2031 :
1195 2007 1292 2031 tuum
1315 2006 1363 2030 est

785 2047 802 2078 ὸ
827 2046 957 2084 contra,
985 2047 1005 2077 ὁ
1027 2048 1195 2089 Crispine,
1222 2047 1360 2084 imitari,

784 2095 812 2126 si
835 2095 952 2136 placet,
980 2095 1045 2125 tuis
1060 2094 1206 2125 versibus
1225 2092 1362 2136 turgidis

785 2149 817 2173 et
840 2142 992 2173 inanibus
1016 2141 1109 2172 folles
1127 2148 1226 2172 vento
1247 2140 1363 2170 disten-

785 2195 836 2220 tos
859 2190 917 2231 qui
942 2188 1092 2220 laborare
1120 2199 1189 2220 non
1218 2193 1361 2225 cessant,

785 2236 890 2269 donec
922 2237 998 2280 igne
1028 2235 1148 2267 ferrum
1186 2234 1360 2267 molliatur.
