1422 2528
572 133 654 165 m.
676 133 709 164 V
736 133 824 165 ODE
849 133 911 164 111.
1303 141 1344 173 9¹

339 192 445 231 Nom
467 191 668 244 viperinus
686 191 748 229 his
769 203 887 229 cruor

238 250 423 292 Ineoctus
440 252 573 292 herbis
592 265 653 291 me
675 252 834 290 fefellit?
853 252 903 289 an
924 251 1044 290 malas

345 314 504 354 Canidia
517 314 696 352 tractavit
714 313 858 365 dapes?

235 374 291 411 Ut
309 373 326 399 ⁵
343 377 591 426 Argonautas
609 375 752 426 praeter
767 387 901 412 omues
921 373 1128 412 candidum

343 437 483 474 Medea
499 424 638 475 mirata
656 444 714 474 est
729 435 866 474 ducem
878 464 890 484 ‚
1315 451 1347 467 10

233 496 369 547 Ignota
385 498 506 536 tauris
525 498 763 549 illigatur-um
777 497 869 548 juga
881 525 892 545 ‚

341 560 528 597 Pet-unxit
546 559 624 597 hoc
641 562 840 606 Iasonem;

235 619 321 657 Hoc
339 618 523 659 delibutis
542 621 623 659 ulta
637 619 750 658 donis
767 618 965 671 pellicem,

342 683 532 733 Serpente
552 682 651 734 fugit
667 681 770 720 alite.

235 741 318 782 Nec
334 750 462 781 tantus
477 745 659 795 umquam
676 743 848 782 siderum
861 741 1003 781 insedit
1019 754 1144 794 vapor
1317 751 1347 775 ιε

345 804 561 843 Siticulosae
579 805 752 856 Apuliae;

235 864 318 903 Nec
336 876 477 903 munus
493 865 666 904 humeris
682 865 848 904 efficacis
862 864 1042 904 Herculis

130 1077 178 1085 —
191 1059 361 1103 Viperinus
381 1073 499 1094 emor:
516 1062 586 1095 vid.
609 1062 708 1105 supra

130 1106 195 1150 Od.
210 1110 244 1147 1,
262 1109 303 1149 8,
333 1120 374 1141 10
399 1118 431 1142 et
449 1117 571 1142 notam.
587 1129 636 1135 —
653 1112 709 1142 Me

122 1153 252 1199 [ofillit
263 1167 275 1187 .·
286 1159 392 1189 inscio
410 1169 478 1197 me,
495 1160 549 1189 isti
566 1159 642 1190 allio
663 1160 711 1189 in-

131 1210 244 1235 coetus
267 1212 300 1237 et
321 1206 491 1237 immixtus
506 1213 564 1238 est.
579 1225 628 1231 —-
646 1206 711 1238 Ca-

131 1248 245 1286 nidia:
267 1253 402 1297 insignis
424 1252 590 1293 venefica,
617 1255 711 1294 cujus

130 1299 251 1330 seelera
262 1300 358 1341 infra,
368 1300 431 1334 Od.
448 1302 558 1341 XVII,
573 1302 710 1333 insecta-

132 1352 225 1378 ω
235 1354 296 1380 cst.

181 1394 214 1426 3.
241 1395 285 1426 Ut
307 1405 320 1426 .·
343 1395 588 1439 postqu5m.—-
606 1396 712 1438 Argo-

134 1449 274 1473 nautas.-
286 1444 490 1486 Argonautae
515 1444 646 1474 fuerunt
663 1444 712 1473 in-

133 1489 240 1531 signes
264 1490 395 1531 quidam
417 1491 539 1528 Graeci,
565 1491 611 1520 sic
633 1489 712 1520 dicti

135 1536 262 1568 abnavi
271 1539 378 1580 Argo,
393 1537 456 1580 quei
471 1538 506 1568 in
520 1537 711 1569 Colchidem

133 1585 219 1616 vecti
234 1591 330 1623 sunt,
346 1592 384 1616 ut
397 1585 499 1615 vellus
517 1595 649 1615 aureum
663 1585 712 1615 in-

134 1629 175 1663 de
204 1638 422 1674 asportarent,
450 1631 540 1673 quod
559 1631 715 1662 indomiti

134 1679 221 1710 tauri
240 1685 273 1710 et
294 1679 403 1721 ignem
418 1680 575 1721 spirantes
602 1685 711 1709 custo-

135 1725 278 1757 aiebant.
304 1728 384 1758 Dux
410 1727 509 1757 totius
529 1726 713 1767 expeditio-

133 1774 185 1804 nis
202 1774 303 1805 Jason
314 1796 323 1812 ,
335 1775 393 1815 qni
407 1783 468 1815 ope
494 1783 530 1804 ac
552 1772 714 1804 beneficio

133 1819 260 1852 Medeae
289 1827 399 1852 tauros
434 1819 579 1859 domuit,
610 1820 714 1851 vellus

134 1867 338 1900 abstulit.—
352 1867 508 1899 Pellicem
521 1878 532 1898 .·
549 1865 714 1906 Creusam,

133 1915 211 1947 sive.
225 1915 399 1955 Glaucam,
423 1914 524 1946 filiam
565 1915 714 1946 Creontis

134 1962 218 2005 regia
230 1963 399 2001 Corinthi,
409 1973 507 2004 quam
522 1963 543 1993 J
544 1972 624 1992 ason
638 1960 714 1993 cum

135 2010 329 2051 praetulisset
338 2009 464 2041 Medeae
473 2032 483 2048 ,
497 2010 557 2040 ista
572 2010 659 2039 misit
671 2008 713 2040 ad

138 2054 311 2096 Cmiisam,
337 2056 478 2095 monile,
511 2062 651 2094 vestem,
681 2063 714 2086 et

138 2102 201 2134 alia
222 2103 259 2134 id
279 2115 381 2147 genus
411 2114 564 2141 munera,
588 2103 713 2133 imbuta

136 2152 385 2192 praesentissimo
426 2160 553 2182 veneno
592 2149 606 2192 (
626 2149 716 2191 quod

138 2196 225 2228 aliud
253 2209 322 2229 non
352 2198 451 2229 fuisse
482 2196 581 2239 quam
605 2196 716 2228 allium

140 2245 294 2276 Horatius
309 2245 386 2285 joco
405 2243 525 2286 dicit),
542 2253 619 2277 mox
630 2267 640 2284 ,
657 2243 714 2275 de-

762 1060 846 1094 tecti
859 1060 991 1101 fraude,
1009 1059 1085 1093 cum
1109 1071 1179 1092 eam
1202 1061 1350 1104 inseque-

763 1117 855 1141 retur
873 1111 976 1142 Jason
986 1131 995 1148 ,
1005 1118 1104 1140 curru
1115 1120 1211 1151 quem
1227 1119 1347 1153 angues

764 1158 840 1189 alati
869 1157 1040 1188 trahebant
1063 1165 1173 1196 vecta,
1194 1157 1286 1199 fugit.
1300 1159 1346 1188 At

764 1207 851 1236 enim
874 1205 975 1247 quare
998 1205 1082 1235 nihil
1097 1205 1211 1236 nocuit
1234 1205 1347 1235 allium

764 1253 897 1291 Jasoni‚
915 1251 1006 1294 quod
1024 1253 1155 1283 exitiale
1168 1259 1237 1283 tum
1252 1250 1350 1286 Crefi·

764 1310 807 1332 sae
818 1323 828 1338 ‚
839 1307 910 1331 tum
920 1299 1055 1331 Herculi
1067 1301 1153 1331 fuit?
1163 1299 1348 1331 Dicendum

765 1355 813 1379 est
830 1348 1002 1386 Medeam,
1031 1355 1087 1378 aut
1114 1348 1246 1390 magicis
1277 1347 1351 1378 arti·

766 1396 843 1433 bus,
870 1401 926 1426 aut
952 1395 1061 1437 aliquo
1095 1395 1245 1426 antidoto
1273 1395 1350 1426 effe-

767 1444 847 1473 cisse
875 1453 918 1472 ne
946 1443 967 1474 J
969 1444 1060 1473 asoni
1097 1449 1242 1474 noceret.
1273 1442 1349 1473 Dici

766 1489 864 1521 etiam
886 1496 994 1531 potest
1015 1489 1128 1520 allium
1152 1500 1223 1520 non
1249 1489 1349 1520 fuisse

765 1539 872 1579 ipsum
907 1536 1041 1578 quidem
1078 1547 1262 1574 venenum,
1292 1535 1350 1568 sed

765 1584 900 1615 venenis
931 1583 1099 1622 additum,
1127 1590 1165 1615 ut
1191 1584 1350 1624 majorem

766 1632 834 1662 vim
863 1630 1141 1662 haberent.1{anc
1168 1632 1255 1662 enim
1282 1631 1350 1663 allii

765 1685 915 1709 naturam
930 1685 963 1709 et
975 1678 1084 1709 dotem
1096 1689 1164 1709 esse
1175 1677 1348 1710 affirmam.

766 1727 788 1758 J
791 1735 910 1756 uvssnc.
928 1743 977 1749 —
996 1725 1144 1756 Siderum
1157 1736 1290 1768 vapor.-
1308 1726 1351 1756 si-

767 1772 845 1804 dera
859 1773 968 1804 aaetiva
982 1772 1152 1815 intelligit,
1168 1772 1349 1815 praecipue·

766 1830 831 1862 que
851 1820 990 1859 Sirium,
1015 1830 1157 1862 quorum
1179 1827 1256 1852 ortu
1275 1819 1352 1851 insi-

766 1868 839 1905 det,
877 1866 1015 1898 incubat
1055 1868 1168 1906 terris,
1209 1867 1351 1898 maxime

766 1913 950 1951 siticulosis,
972 1913 1088 1951 aridis,
1104 1911 1189 1957 aquai
1210 1915 1350 1946 carenti-

767 1961 847 2000 bus,
867 1972 970 2003 vapor
983 1963 1183 2001 teterrimus,
1202 1972 1271 2004 quo
1290 1962 1352 1992 vis-

767 2020 841 2040 cera
861 2009 1074 2040 animantium
1084 2015 1270 2041 torrentur,
1299 2010 1350 2040 De

767 2054 890 2098 Apulia
903 2067 1000 2098 aquae
1007 2066 1156 2099 paupere
1166 2056 1243 2087 vide
1253 2054 1350 2098 supr&

769 2103 834 2135 Od.
859 2104 928 2141 111,
955 2104 1019 2141 30,
1058 2114 1095 2134 11
1129 2109 1162 2134 et
1182 2110 1350 2136 notas.—

769 2149 926 2194 Efficact's
938 2150 1087 2182 Herculis
1100 2160 1113 2181 .·
1131 2149 1248 2182 efficax
1264 2150 1351 2181 recte

769 2196 903 2236 dicitur,
930 2198 988 2240 qui
1023 2197 1149 2239 semper
1178 2204 1352 2240 promptus

769 2244 831 2277 fuit
850 2243 891 2276 ad
903 2255 953 2275 res
968 2245 1022 2276 vel
1038 2243 1261 2283 difficillimas,
1277 2250 1353 2275 stre-
