1422 2528
549 103 631 136 LIB-
650 104 683 134 V
706 103 796 136 ODE
817 104 911 136 vm.

229 161 360 211 Quid?
377 159 484 213 quod
499 159 516 184 ⁵
533 160 655 201 libelli
668 162 791 201 Stoici
811 162 913 201 inter
926 161 1067 202 sericos
1313 170 1343 195 1⁵

337 221 474 265 Iacere
493 223 676 276 pulvillos
697 232 828 262 amant
845 239 854 262 :

232 286 407 326 Illiterati
422 289 516 324 num
532 285 660 324 minus
682 287 795 324 nervi
817 286 968 337 rigent?

337 347 518 400 Minosve
538 347 696 398 languet
716 347 930 386 fascinum?

228 408 345 457 Quod
368 417 411 447 ut
430 407 604 461 superbo
623 421 816 460 provoces
836 408 886 448 ab
900 407 1062 460 inguine
1080 407 1095 430 ⁶
1108 437 1119 455 ,

338 473 419 511 Ore
435 470 731 509 allaborandum
749 479 808 509 est
824 470 910 509 tibi.
1310 486 1342 501 2⁰

167 619 199 652 5.
215 618 304 661 Quid
310 622 328 650 .³
345 619 437 662 quod
449 631 461 651 .·
476 631 537 652 nec
557 620 619 652 tibi
632 621 698 652 suf-

119 665 190 698 ficit
217 666 422 698 te·nobilem
449 675 481 700 et
510 668 700 710 opulentam

115 716 246 755 jactare.
262 713 374 746 Credis
388 716 468 746 utile
490 715 604 746 saltem
628 726 701 757 pro-

119 761 348 794 vocationibus
374 763 438 793 tuis
462 764 701 794 irritamentum

120 808 212 848 addi,
225 810 254 840 si
267 808 426 842 doctrinae
438 818 471 842 et
483 809 702 853 philosophiae

119 856 252 889 laudem
267 857 413 896 affectas,
427 859 454 889 si
469 859 584 898 juveni
607 859 700 898 eujus

118 904 291 947 amplexus
319 906 421 947 petis,
452 905 637 937 StoIcorum
662 906 701 937 li-

118 950 219 991 bros,
233 962 305 983 non
326 953 362 983 in
386 953 512 984 tabellis
532 954 621 984 recte
645 964 699 984 or-

119 998 196 1030 dine
221 1000 437 1042 compositos,
463 1000 519 1032 sed
548 1001 699 1032 ubicum-

119 1056 184 1088 que
197 1053 230 1078 et
244 1047 314 1078 siue
328 1047 399 1089 lege
411 1047 591 1090 dispersos,
607 1049 700 1091 qnasi

120 1092 140 1124 ὲ
161 1101 194 1125 te
214 1093 344 1126 assidua
359 1106 461 1127 mauu
483 1103 699 1135 versarentur,

117 1140 204 1173 intra
214 1143 303 1184 ipsos
315 1142 460 1174 cubiculi
469 1144 518 1174 tui
526 1143 697 1186 pulvillos,

118 1189 274 1222 ostendis.
288 1189 498 1222 z-llliterati
508 1191 586 1222 ηἰιιη
596 1191 700 1222 minias

118 1235 211 1268 nervi
221 1235 347 1280 rigent:
358 1239 430 1276 cui,
442 1249 518 1269 cum
526 1239 584 1270 illo
597 1240 699 1270 scien-

118 1283 172 1315 tiae
196 1292 372 1327 apparatu,
398 1285 510 1316 fucum
535 1293 568 1317 te
595 1286 698 1317 factu-

118 1340 185 1362 ram
202 1333 319 1373 putas?
338 1332 430 1373 Quid
450 1343 592 1364 amorem
613 1335 700 1364 inter

118 1385 152 1409 et
171 1377 315 1410 litteras?
328 1381 504 1411 senectutis
515 1403 524 1418 ‚
541 1382 568 1411 si
586 1387 696 1422 potes,

117 1425 324 1458 incommoda
337 1437 424 1458 exue
436 1438 445 1465 ;
458 1427 520 1458 tibi
531 1427 698 1467 redivivae,

118 1471 160 1503 ad
188 1483 313 1504 novum
342 1485 494 1516 regressae
514 1475 698 1514 juventutis

118 1518 230 1559 decus,
242 1521 400 1563 vigebunt
409 1521 558 1554 hemines
567 1523 698 1565 ignaris-

119 1567 212 1607 simi,
226 1567 342 1599 litteris
371 1570 511 1601 maxime
538 1568 697 1602 destituti.

119 1613 243 1646 Eodem
265 1614 366 1657 igitur
389 1627 486 1648 sensu
507 1617 558 1648 hae
580 1627 696 1656 voces,

119 1661 209 1694 nervi
232 1662 354 1705 rigent,
384 1664 580 1707 accipiendae
590 1687 600 1703 ,
629 1675 697 1707 quo

119 1709 208 1751 apud
226 1709 324 1742 Ovid.
347 1712 461 1744 Amor.
478 1713 546 1752 111,
568 1713 587 1744 8
598 1736 608 1752 ‚
627 1713 668 1752 67
685 1723 694 1745 :

102 1759 105 1763 '
122 1757 203 1798 Quoe
213 1757 299 1789 m'mc
315 1769 389 1790 ecce
404 1759 510 1801 rigent
523 1759 696 1801 intempes-

117 1803 200 1844 tiva,
219 1806 418 1848 valentque;
435 1807 532 1838 Νἰιηε
550 1818 628 1849 opus
642 1818 697 1838 ex-

748 629 893 663 poscunt
929 619 1145 661 militiamque
1173 628 1278 649 suam.
1292 635 1338 642 —-

756 669 903 700 Minicsve
934 668 1072 710 languet
1087 665 1259 709 fascinum
1273 676 1284 695 :
1305 671 1338 696 et

754 723 792 747 ut
822 716 919 748 docta
938 715 1043 747 videri
1076 713 1170 752 velis,
1191 712 1340 743 credisne

754 762 878 795 idcirco
912 770 943 795 te
977 762 1058 794 mihi
1073 762 1228 803 quamvis
1257 760 1342 791 litte-

755 822 866 843 rarum
907 810 1077 849 studioso,
1126 819 1203 840 cum
1250 807 1338 838 tanta

754 859 821 890 oris
854 858 1019 896 foeditate,
1065 856 1166 898 magis
1204 855 1340 897 placitu-

754 917 840 945 ram,
873 905 920 937 itta
948 913 986 937 ut
1023 902 1150 936 facilius
1185 903 1336 945 arrigam.

754 953 953 991 Fascinum,
974 960 1012 985 ut
1030 961 1151 1007 supra,
1171 950 1278 989 nervi,
1302 961 1338 981 ea

753 1012 831 1043 pars
853 1008 902 1033 est
920 1012 984 1043 qua
1006 1001 1068 1032 viri
1090 1009 1215 1030 sumus.
1232 998 1339 1029 Fasci-

753 1060 832 1080 num
851 1060 869 1080 a
881 1049 982 1081 verbo
1000 1057 1120 1090 graeco,
1135 1042 1335 1086 βασκαίνειν,

752 1097 934 1129 derivatum
943 1120 952 1135 ‚
962 1094 1074 1139 postea
1087 1094 1128 1126 ad
1139 1094 1250 1126 omnia
1264 1103 1338 1135 quae

753 1145 1000 1177 incantamentis
1075 1134 1317 1174 adhibebantur
1327 1163 1335 1179 ,

753 1193 945 1224 translatum
958 1198 1024 1229 θεῖς
1036 1200 1177 1232 cumque
1190 1188 1232 1220 ad
1246 1188 1336 1219 hunc

753 1251 868 1277 usum,
894 1239 1047 1270 mentulae
1072 1238 1230 1280 speciem,
1250 1235 1336 1266 collo

753 1297 934 1329 puerorum
953 1286 1141 1328 superstitio
1163 1282 1338 1325 suspende-

755 1341 824 1372 ret,
857 1334 933 1364 hine
972 1333 1092 1364 factum
1122 1338 1188 1369 est,
1223 1337 1260 1361 ut
1286 1341 1336 1361 res

751 1387 976 1423 repraesentata
1006 1390 1067 1422 pro
1099 1378 1168 1421 ipsa
1198 1388 1234 1408 re
1257 1379 1335 1409 acci-

750 1435 898 1471 peretur.

799 1476 833 1507 6.
847 1475 945 1516 Quod
951 1481 987 1505 uc
994 1472 1129 1514 superbo
1130 1482 1286 1513 provoces
1293 1473 1335 1502 ab

751 1521 887 1566 inguine
897 1533 908 1552 .·
917 1521 1009 1564 quod
1022 1527 1059 1551 ut
1073 1519 1156 1551 illud
1167 1519 1208 1550 ab
1218 1519 1334 1550 intima

752 1570 826 1601 sede
842 1569 991 1601 extrahas
1008 1567 1067 1599 ubi
1078 1590 1087 1605 ‚
1101 1573 1135 1598 te
1150 1573 1309 1609 praesente
1322 1590 1332 1603 ,

752 1623 862 1660 torpet
874 1640 884 1656 ‚
901 1615 953 1647 tui
971 1615 1189 1647 fastidiosum.
1204 1632 1250 1638 —
1269 1615 1333 1644 Ore

751 1663 1004 1697 allaborandum
1030 1670 1078 1694 esc
1106 1661 1190 1694 tibi:
1213 1661 1254 1692 de
1282 1662 1333 1692 in-

751 1712 827 1744 fami
852 1713 916 1743 isto
950 1710 1097 1742 libidim‘s
1133 1719 1250 1752 genere
1275 1709 1334 1749 qui

751 1759 845 1802 plura
867 1767 1064 1802 cognoscere
1086 1756 1248 1794 voluerit,
1281 1755 1334 1786 ad—

752 1814 803 1838 eat
821 1810 956 1840 Sueton.
975 1807 1011 1837 in
1021 1803 1086 1837 vita
1101 1803 1236 1841 Tiberii,
1253 1808 1308 1839 44.

392 2024 1063 2048 —m—-oeoo-oe—-ffl
