1422 2528
567 105 646 136 LIB.
666 105 698 134 V
723 103 812 135 ODE
835 102 917 134 xn.

1289 79 1408 140 a*

132 166 211 216 Qui
224 164 345 205 sudor
361 166 472 204 vietis
489 174 527 204 et
543 168 658 217 quam
680 165 801 203 malus
817 164 989 215 undique
1002 162 1187 201 membris

238 228 384 266 Crescit
403 227 502 266 odor
521 227 661 266 ³!ct1m
681 239 779 277 pene
795 227 942 273 soluto,

130 288 364 326 Indomitam
384 297 568 340 properat
584 287 734 326 rabiem
754 286 891 325 sedare
903 315 912 333 ‚
932 299 1060 336 neque
1079 285 1138 323 ini

239 351 324 387 Jam
344 358 472 386 manet
485 349 646 387 humida
666 357 795 401 creta,
807 348 994 398 colorque
1323 364 1351 378 ευ

134 412 314 449 Stercore
332 410 484 449 fucatus
500 410 708 458 crocodili3
717 411 877 462 jamque
891 408 1068 447 subando

235 473 358 509 Tenta
374 470 540 517 cubilia,
557 480 737 522 tectaque
750 471 915 521 rumpit3

132 531 202 570 vel
218 545 302 570 mea
319 534 407 570 ctum
429 532 540 571 saevis
559 533 678 583 agitat
696 532 848 570 fastidia
864 531 993 569 verbis
1011 533 1027 561 4
1044 545 1053 567 z

241 609 256 625 α
271 592 428 630 Inachia
443 592 601 643 langues
617 593 744 631 minus
761 605 805 630 ac
819 605 880 630 me
900 591 933 638 ⁵;

132 671 147 687 α
170 653 366 692 Inachiam
383 653 442 691 ter
457 661 571 691 nocte
591 662 720 704 potes;
736 653 832 692 mihi
849 652 1002 703 semper
1023 651 1071 689 ad
1092 663 1214 689 unum
1319 661 1348 684 15

179 822 211 853 3.
226 820 290 864 Qui
313 821 412 852 sudor
435 820 535 853 vie-eis
550 828 583 852 et
606 821 707 864 quom

133 868 239 899 malus
257 868 400 911 undique
419 869 569 899 membris
588 870 709 901 Crescit

133 915 238 946 odor!
255 915 311 947 sed
335 915 436 947 sudor
456 917 510 947 ille
532 927 598 958 quo
613 924 709 948 natu-

133 963 244 994 raliter
281 970 333 994 εἰ,
363 964 521 995 continuo
568 964 708 1003 diffluis,

131 1008 292 1052 quantum
309 1017 456 1053 augetur,
472 1009 547 1042 cum
560 1018 622 1042 etc.
636 1013 668 1040 V
666 1011 711 1041 ie-

132 1064 168 1087 τα
183 1057 346 1094 membra,
365 1065 443 1088 sunt
457 1064 546 1090 artus
562 1057 690 1089 flaccidi
700 1081 709 1096 ,

132 1104 174 1135 ab
213 1102 346 1146 antiquit
375 1115 455 1136 voce
490 1105 586 1143 vieo,
616 1105 650 1136 h.
681 1116 710 1137 e.

130 1151 217 1194 ligo,
247 1152 398 1190 inflecto,
443 1151 532 1183 unde
573 1151 709 1190 νίιηεη,

131 1199 336 1230 notissimum
352 1198 478 1230 arbusti
491 1209 604 1241 genus,
623 1198 714 1230 flexi-

131 1245 257 1277 bilitate
264 1247 413 1289 inprimis
426 1247 565 1287 perutile
570 1264 627 1278 .—
632 1246 711 1277 Cz'cm

126 1303 216 1334 pene
223 1293 328 1325 soluto
336 1304 348 1324 :
356 1292 510 1334 expedito
518 1300 549 1324 et
557 1293 597 1324 ad
605 1301 711 1324 actum

132 1346 264 1382 parato,
282 1341 310 1371 si
333 1340 483 1372 Dacierio
499 1347 532 1371 et
546 1340 711 1382 plerisque

133 1386 202 1418 aliis
214 1387 448 1428 interpretibus
469 1387 589 1419 credas.
603 1387 712 1418 Multo

132 1431 248 1465 melius
256 1433 497 1472 Mitscherlich‚
510 1435 582 1476 qui,
603 1434 620 1464 ὁ
635 1444 712 1464 con-

133 1479 193 1518 tra,
201 1491 316 1523 penem
324 1491 421 1522 opere
428 1480 579 1512 absoluto
590 1481 714 1523 langui-

133 1526 214 1558 dum
225 1529 476 1569 interpretatum
491 1527 616 1559 rabiosa
625 1528 714 1558 enim

133 1574 249 1605 vetulae
261 1575 353 1605 istius
372 1574 492 1614 libido,
503 1574 628 1613 lassari,
646 1585 716 1606 non

133 1622 243 1652 satiari
258 1622 387 1664 potuit;
401 1621 527 1653 idcirco
543 1622 625 1663 nibil
643 1632 712 1653 non

135 1674 254 1707 tentat,
269 1674 307 1699 ut
324 1678 397 1710 pars
412 1669 486 1707 illa,
499 1680 572 1711 quae
583 1668 715 1700 infirma

133 1716 231 1754 jacet,
248 1715 296 1746 ad
309 1715 493 1746 sedandam
517 1715 715 1747 indomitam

137 1762 258 1793 rabiem
267 1786 276 1802 ‚
294 1764 473 1794 reviviscat.
483 1781 531 1787 —
542 1764 657 1806 Neque
669 1763 718 1795 illi

136 1809 213 1841 ,Ιὰιη
233 1817 346 1841 manee
366 1809 500 1840 humida
519 1818 608 1841 creta
621 1821 633 1841 :
650 1817 718 1842 tan-

137 1863 172 1888 to
196 1857 313 1888 ardore
334 1857 519 1896 incalescit,
535 1859 632 1889 tantis
650 1868 717 1889 mo-

138 1902 226 1935 tibus
238 1905 394 1947 agitatur,
413 1911 451 1935 ut
470 1903 598 1936 diffluat
620 1903 716 1936 fucus

137 1961 205 1992 quo
219 1951 428 1994 irreparabile
450 1962 612 1982 annorum
632 1951 718 1983 dam-

138 2007 219 2029 num
261 2009 408 2041 reparare
450 2005 639 2030 tentaverat.
669 2016 716 2023 -—-

140 2044 300 2087 Colorque
329 2047 474 2077 Stercore
487 2045 622 2088 fite-atus
645 2057 715 2077 cro·

138 2091 238 2122 codili
250 2103 262 2123 .·
278 2092 374 2124 fucus
402 2093 420 2124 ὲ
440 2099 580 2123 stercore
602 2103 716 2125 croco-

137 2137 195 2169 dili
210 2139 394 2172 confectus:
411 2139 536 2171 Plinius
548 2141 713 2179 XXVIII,

137 2184 156 2214 8
167 2207 178 2222 ‚
205 2191 339 2217 testatur
379 2193 505 2217 stercus
556 2186 714 2219 crocodili

135 2231 296 2263 molestias
334 2235 368 2264 in
407 2233 487 2265 facie
525 2235 712 2267 enascentes

758 1200 906 1245 flzstidicz
936 1198 1045 1230 verbis
1067 1209 1079 1229 .-

764 823 886 855 tollere.
901 840 948 846 --
959 820 1113 852 Subando
1130 831 1141 851 :
1156 830 1254 851 suum
1264 843 1273 858 ‚
1294 821 1348 851 vel

762 871 903 902 aliorum
930 870 1125 900 lascivorum
1157 868 1347 899 animalium

763 928 854 949 more
880 928 948 948 sese
977 915 1140 958 agitando.
1166 930 1216 938 --
1239 916 1345 946 Teuta

764 964 884 997 cubilia
898 976 910 995 :
928 964 1029 995 lectos
1058 963 1140 993 velis
1168 961 1347 993 ductilibus

766 1011 919 1056 (gallice,
948 1011 994 1042 les
1021 1010 1182 1050 rideaux)
1212 1020 1348 1041 corona-

767 1067 829 1091 tos.
840 1077 878 1083 —-
899 1060 997 1089 Tecta
1016 1070 1028 1089 .·
1044 1056 1179 1101 (gallice
1190 1079 1199 1096 ,
1214 1057 1261 1087 les
1271 1056 1348 1087 ciels

767 1107 811 1138 du
827 1106 875 1139 lit.
888 1105 904 1147 )

816 1160 848 1191 4.
866 1155 899 1183 V
896 1153 930 1184 el
943 1161 1018 1183 mea
1040 1150 1114 1182 ciam
1137 1150 1229 1183 σανίς
1243 1150 1351 1194 agitat

1103 1205 1143 1229 ut
1173 1199 1245 1229 haec
1273 1209 1349 1229 cum

765 1247 1026 1291 praecedentibus
1042 1252 1240 1287 congruant,
1257 1252 1290 1276 et
1307 1245 1349 1276 ad

765 1295 921 1326 sudorem
941 1294 959 1324 e
975 1292 1094 1323 vetulae
1114 1292 1268 1323 membris
1287 1292 1349 1323 dis.

766 1341 924 1372 fluentem
946 1339 1117 1371 commode
1135 1339 1249 1370 referri
1272 1350 1349 1381 pos-

766 1390 849 1426 sint,
867 1385 1132 1419 subaudiendum
1146 1393 1211 1424 est,
1229 1397 1298 1417 eam
1314 1388 1350 1417 in

766 1435 973 1466 vehementes
987 1433 1256 1475 exprobrationes
1282 1445 1350 1466 nou

767 1492 937 1524 erumpere
949 1482 1012 1511 nisi
1028 1479 1201 1522 postquam
1220 1480 1260 1511 ad
1279 1492 1348 1512 rem

767 1528 999 1571 perficiendam
1020 1537 1132 1558 omnes
1142 1527 1290 1559 libidinis
1303 1539 1352 1559 ar·

769 1583 816 1607 tes
826 1575 945 1607 frustra
952 1574 1118 1613 adhibuit;
1130 1573 1210 1605 tunc
1218 1575 1351 1618 languo-

766 1634 835 1654 rem
845 1624 982 1660 Horatii,
994 1622 1061 1653 sive
1074 1621 1126 1652 sui
1134 1621 1350 1661 fastidi0,sivt'=

768 1671 934 1702 exhaustis
959 1680 1036 1700 cum
1063 1667 1196 1700 Inachia
1223 1669 1349 1701 viribus

771 1718 919 1748 tribuens
926 1741 934 1756 ‚
948 1717 1050 1759 ipsius
1062 1716 1272 1759 frigiditatem
1282 1727 1350 1747 ver-

772 1765 822 1796 bis
838 1764 1080 1796 contumeliosis
1090 1786 1100 1802 ,
1122 1774 1196 1806 quae
1211 1764 1279 1795 sola
1297 1775 1350 1795 su·

771 1818 928 1854 pereunt,
945 1811 1122 1843 ulciscitur.

820 1860 851 1890 5.
872 1856 1015 1889 Inachid
1028 1858 1167 1901 langues
1184 1857 1291 1889 minias
1309 1869 1351 1890 ac

771 1917 823 1937 me
859 1916 871 1936 .·
917 1906 1043 1936 felicior
1089 1905 1220 1936 Inachia
1231 1929 1240 1944 ,
1283 1916 1352 1936 non

770 1960 802 1984 te
818 1953 864 1984 sic
886 1952 1094 1995 languentem
1112 1953 1292 1995 experitur.
1303 1971 1352 1976 --

770 1999 944 2031 Inachiam
961 1999 1011 2030 te'r
1032 2006 1127 2030 nocte
1140 2007 1236 2041 potes
1250 2011 1262 2031 :
1275 2011 1350 2042 sup-

769 2058 896 2090 presso,
910 2058 979 2078 non
989 2069 998 2087 ,
1008 2052 1046 2077 ut
1062 2047 1106 2078 ait
1116 2046 1352 2085 Mitscherlich,
1394 2047 1398 2050 ”

769 2094 976 2126 verecundiae
1008 2104 1125 2132 sensu,
1151 2093 1208 2125 sed
1232 2093 1351 2125 usitata

770 2141 858 2183 apud
899 2148 1062 2172 matronas
1099 2143 1261 2173 Romanas
1288 2141 1352 2172 for-

767 2188 855 2220 mula
865 2212 874 2227 ‚
888 2189 990 2220 verbo
1002 2186 1148 2230 subIgere
1158 2211 1168 2226 ‚
1184 2188 1236 2219 vel
1249 2187 1351 2219 altero

767 2235 864 2267 etiam
879 2235 1088 2268 obscoeniori.
1101 2234 1190 2276 Quid
1201 2235 1287 2266 euim
1306 2236 1352 2265 iu-
