1422 2528
544 177 622 208 LIB.
649 176 697 207 lv
722 175 810 207 ODE
835 175 878 206 X.
1283 172 1323 202 53

59 245 65 251 “
96 238 212 278 Dices
232 253 241 276 :
262 239 368 277 Heu!
389 236 560 289 (quoties
579 245 618 274 te
634 234 673 272 in
692 234 849 285 speculo
870 233 1013 271 videris
1030 232 1194 270 alterum
1211 229 1251 284 ³³)

100 305 198 349 Quae
206 309 321 338 mens
341 307 399 338 est
412 298 550 346 ἰιοάἰὲ,
566 301 637 337 cm-
652 298 788 337 eadem
806 309 884 334 non
908 308 1033 347 puero
1054 295 1154 332 fuit?

100 362 171 400 Vffl
181 390 193 411 ‚
209 363 280 400 οὐκ·
292 361 353 399 his
368 359 504 399 animis
521 357 732 398 incolumes
748 371 827 396 non
843 356 1007 409 redeunt
1027 358 1156 408 genae?

106 520 189 552 ciem
211 518 349 551 ver-cerie
372 517 535 560 hispidam
554 528 566 548 :
585 518 681 560 Ligu-

106 569 216 599 rinum
229 576 299 597 non
310 567 401 608 rugis
410 589 419 605 ‚
432 565 488 596 sed
499 565 594 596 vultu
610 565 685 607 pilis

105 613 240 647 horrido
258 613 495 645 deformaverit.

155 662 186 694 3.
215 662 261 693 Te
286 660 411 692 ‘videris
439 660 578 690 alterum
607 670 618 690 :
651 665 682 690 te

106 708 142 739 in
157 709 250 752 pejus
266 714 428 740 mutatum
450 706 685 738 animadverte

107 756 164 787 ris.
195 772 243 780 --
271 756 352 798 Qua·
382 765 474 786 mens
504 761 554 784 esc
576 752 684 791 Ιιοᾱίὲ,

110 803 168 834 σὰν
183 802 299 834 eadem
317 812 385 833 non
396 811 498 844 puero
506 800 594 843 fiaiu
593 804 606 823 ³
618 811 690 832 sen-

109 860 164 882 sus
171 859 180 883 :
186 848 285 881 hodi&
291 850 438 892 intelligo
446 859 544 890 quam
551 847 689 889 tut-pitin·

109 898 248 940 primnm
270 903 396 928 aetatem
425 896 579 938 degerim.
609 894 687 934 Ciu,

111 945 213 976 eheu!
229 944 340 976 eadem
353 955 436 986 puer
449 953 518 974 non
527 942 688 973 intellexi?

113 994 235 1023 Locum
260 990 385 1031 Noster‘f·
394 996 562 1022 mutuatus
589 989 687 1021 fuisse

115 1037 446 1077 videtnriTeremiQ
463 1039 583 1079 Hecyr.
603 1038 637 1076 Ι,
658 1048 687 1076 1,

121 1096 159 1126 ¹7
190 1094 199 1117 :
226 1085 320 1117 Eheu
342 1096 394 1116 me
423 1084 575 1116 miseram
586 1086 601 1114 !
632 1095 691 1115 cur

117 1143 183 1165 non
194 1140 254 1164 aue
261 1132 349 1165 isloec
359 1131 439 1164 milu'
448 1130 530 1164 aeta]
539 1138 572 1162 et
574 1130 689 1174 forma

117 1187 180 1220 est,
201 1187 260 1212 auc
274 1180 334 1213 tibi
350 1179 420 1212 haec
441 1178 602 1212 sententia
612 1182 630 1209 .³
645 1196 692 1205 --·

718 543 722 548 ,
739 516 799 548 His
824 515 941 547 animis
959 528 970 547 .-

1001 517 1079 548 mihi
1108 516 1214 546 talitfaer
1244 527 1316 546 sen-

741 565 833 596 tienti
842 587 850 603 ‚
864 564 897 595 h.
911 575 938 595 e.
951 565 1103 595 sentienti
1116 563 1212 604 quz'un
1223 563 1322 594 breve

740 613 782 643 sit
808 622 866 642 ver
888 613 1052 653 pueritiae,
1077 611 1176 652 quiam
1206 610 1322 640 caduci

741 659 839 702 primi
853 659 922 698 ejus
936 659 1032 690 flores
1042 682 1050 697 ‚
1064 666 1101 689 ut
1111 659 1156 688 ait
1172 657 1320 694 Ovidius,

742 708 875 738 Metam.
890 708 939 744 X,
955 707 1010 744 85,
1021 707 1143 748 quique
1158 705 1327 746 praesagire

742 753 920 784 debueram
936 755 1011 785 vitae
1026 753 1190 784 ulterioris
1205 752 1324 783 hones-

743 808 842 832 tatem
874 800 972 831 fluxis
1009 800 1072 831 illis
1103 799 1329 841 voluptatibus

744 859 818 890 quae
833 848 881 878 nil
904 855 978 889 post
994 859 1027 878 se
1051 848 1116 878 nisi
1131 846 1271 878 dedecus
1295 853 1327 877 et

743 896 969 937 poenitentiam
982 895 1134 933 afferunt,
1149 894 1255 925 multb
1276 904 1332 924 an—

744 943 972 984 teponendam.
991 960 1037 966 -—-
1062 941 1248 972 Incolumes
1277 952 1332 983 ge-

742 1001 818 1020 nae:
837 1001 927 1032 genae
948 990 1044 1021 laeves
1057 1013 1066 1028 ‚
1096 996 1128 1020 et
1152 1000 1222 1020 nou
1254 988 1330 1030 pilis

741 1037 894 1068 horridae.
906 1038 1007 1068 Genae
1020 1038 1107 1068 enim
1123 1036 1284 1073 barbatae,
1300 1037 1333 1065 si

744 1084 784 1115 ad
798 1095 928 1116 sensnm
945 1086 1046 1115 totius
1061 1083 1140 1114 odes
1156 1083 1308 1124 respicias
1325 1109 1333 1123 ‚

745 1132 862 1163 morbo
892 1133 985 1173 quasi
1025 1131 1146 1162 affectae
1171 1131 1329 1172 Ligusino

748 1186 779 1210 et
797 1177 866 1220 ejus
884 1179 1016 1221 paribus
1033 1178 1241 1210 videbamur.
