1422 2528
151 99 214 130 188

529 104 570 143 Q.
580 75 778 134 ‘HORATH
802 103 953 135 FLACCI

149 156 358 195 Malthinus
378 158 514 196 tunicis
533 157 703 196 demissis
720 161 734 183 ⁶
752 158 935 206 ambulat;
955 170 1011 198 est
1023 163 1090 212 qui
1292 171 1322 197 25

149 219 295 266 Inguen
314 218 361 255 ad
378 217 583 255 obscenum
601 217 798 256 subductis
818 221 938 270 usque
956 221 1119 269 facetus3

150 276 321 314 Pastillos
337 278 498 315 Rufillus
513 278 606 325 olet,
623 279 838 328 Gorgonius
853 279 1002 318 hircum
1019 295 1028 317 :

148 335 211 373 Nil
227 336 393 374 medium
409 346 465 374 est
486 346 512 374 ⁷.
531 340 626 375 Sunt
642 338 708 387 qui
726 338 846 375 nolint
865 340 1052 390 tetigisse,
1069 341 1143 379 nisi
1155 341 1258 390 illas,

149 396 321 440 Quarum
340 396 498 434 subsuta
516 397 610 435 talos
626 405 728 446 tegat
748 398 876 436 instita
894 409 1016 447 veste3

147 455 286 491 Contra
305 455 399 502 aliu-s
413 457 554 493 nullam
565 484 575 503 ‚
590 456 663 493 nisi
678 457 794 494 olenti
812 457 852 494 in
869 457 1013 496 fornice
1031 467 1204 498 stantem.
1286 470 1318 494 ³0

148 513 313 559 Quidam
325 523 436 552 notus
452 515 567 552 homo
585 528 705 565 quum
722 516 846 553 exiret
860 517 1027 556 fornice:
1043 523 1197 558 «Macte

147 587 162 604 υ
175 572 327 611 Virtute
342 582 439 622 esto,
456 591 472 608 »
488 574 612 624 inquit
629 576 814 612 sententia
826 575 888 614 dia
900 578 1064 616 Catonis.

147 649 163 666 «
179 635 275 670 Nam
293 635 403 672 simut
422 648 465 672 ac
483 647 597 672 venas
609 634 755 672 inflavit
774 635 789 657 ὅ
804 644 904 674 tetra
922 637 1062 685 libido,

147 709 161 726 »
177 694 263 730 Huc
275 694 433 743 juvenes
450 708 600 744 aequum
619 703 675 732 est
691 695 924 735 descendere
935 726 946 745 ,
962 711 1039 736 non
1057 699 1196 738 alienas

147 767 162 783 »
178 753 391 790 Pet-molere
409 766 557 791 uxores.
574 769 589 786 »
609 754 735 791 Nolim
751 756 954 802 laudarier,
975 758 1118 809 inquit,
1296 770 1326 794 3⁵

146 810 208 848 Sic
223 825 302 858 me,
322 813 480 851 mirator
499 813 613 850 cunni
631 814 864 865 Cupiennius
883 818 972 855 albi.

192 1018 224 1048 6.
243 1016 369 1047 Tunicis
385 1016 528 1047 demissis
542 1028 555 1048 .·
577 1017 616 1047 ad
632 1018 710 1048 talos

144 1063 338 1101 fluentibus,
362 1064 452 1104 quod
478 1070 544 1093 erat
565 1063 710 1094 mollitiei

142 1109 485 1151 indicium.—Inguen
493 1110 540 1139 ad
545 1109 710 1139 obscenam

143 1155 300 1186 subductis
314 1166 412 1196 usque
435 1166 446 1185 .-
463 1155 589 1185 sursum
605 1155 707 1193 elatis,

100 1199 103 1202 ’
145 1209 176 1232 et
199 1201 264 1232 tam
278 1200 447 1238 brevibus,
471 1208 508 1231 ut
528 1203 583 1231 vix
606 1208 709 1242 partes

144 1248 287 1288 corporis
305 1246 452 1288 tegendas
470 1247 620 1279 velarent.
641 1248 709 1278 Au-

143 1300 237 1335 gusto
270 1293 435 1324 blanditur
469 1294 601 1332 Noster,
633 1295 708 1334 qui,

141 1346 220 1370 teste
237 1341 392 1371 Suetonio
401 1361 410 1377 ‚
422 1338 503 1381 cogis
513 1349 615 1380 neque
625 1339 709 1370 stric-

142 1385 183 1416 tis
206 1396 308 1426 neq-ue
325 1384 433 1427 fusis,
461 1385 622 1416 utebatur.
661 1403 708 1410 —-

141 1433 276 1462 Facetus
292 1443 303 1462 .·
325 1432 425 1462 risum
442 1431 708 1472 praetereuntibus

139 1488 282 1509 movens.
311 1495 358 1501 --
396 1477 547 1508 Pastillos
574 1478 707 1520 Rufillus

141 1524 206 1555 olet
221 1534 232 1553 .·
249 1535 306 1565 per
313 1523 463 1564 pastillos
478 1523 619 1564 intellige
632 1524 707 1554 odo-

140 1580 189 1601 res
203 1570 422 1610 voluptuarios
442 1568 560 1610 quibus
581 1569 709 1600 delicati

141 1623 174 1647 et
186 1615 297 1647 molles
309 1622 428 1646 vestem
439 1637 448 1652 ‚
470 1615 601 1656 capillos
610 1638 621 1652 ‚
640 1616 709 1646 bar-

140 1663 215 1693 bam
249 1671 368 1704 ungere
397 1661 559 1699 solebant,
589 1663 708 1702 quique

140 1708 253 1739 vicinis
287 1719 354 1739 non
389 1705 494 1738 minus
530 1707 708 1747 importuni

141 1761 249 1792 erant,
271 1753 369 1795 qnam
388 1760 468 1784 teter
486 1753 539 1783 ille
557 1759 589 1783 et
613 1753 708 1783 hirci-

141 1811 203 1831 nus
217 1799 299 1831 odor
315 1810 410 1841 quem
421 1821 430 1836 ‚
451 1810 517 1840 prae
533 1799 706 1830 immundi-

140 1844 183 1876 tia
195 1869 204 1883 ‚
223 1844 400 1887 squallidus
419 1844 599 1887 Gorgonius
615 1846 708 1875 exha-

139 1891 236 1923 labat.

190 1949 220 1977 7.
242 1937 301 1968 Nil
322 1936 463 1968 medium
487 1945 535 1968 esc
555 1948 566 1967 .·
589 1937 706 1977 justam

138 1994 262 2015 servare
280 1993 462 2014 mensuram
487 1994 581 2014 nemo
603 1984 704 2015 novit.

139 2047 186 2055 --
206 2031 347 2071 Quarum
368 2027 495 2060 subsuta*
517 2029 599 2060 talos
618 2036 707 2070 cegat

140 2075 248 2107 instita
279 2082 372 2105 veste
404 2086 416 2105 .·
444 2075 573 2112 instita,
610 2075 704 2106 fascia

140 2129 207 2153 erut
222 2131 380 2164 purpurea
393 2132 464 2162 quae
475 2129 624 2153 extremae
636 2132 704 2152 ves-

762 1018 923 1057 suebatnr‚
930 1020 1022 1060 eique
1029 1020 1216 1054 adhaerebat.
1227 1025 1329 1064 Hujus

762 1065 885 1105 generis
909 1065 1014 1096 fasciae
1033 1077 1100 1098 non
1122 1068 1183 1099 nisi
1206 1071 1329 1111 magnis

762 1109 950 1152 pudicisque
985 1114 1139 1144 matronis
1177 1117 1328 1156 permissa

763 1163 839 1187 erat.
857 1173 904 1180 —
921 1157 1030 1188 olenti
1048 1158 1082 1189 in
1092 1158 1220 1201 fornice
1239 1169 1327 1192 stan-

763 1208 826 1231 tem
845 1212 857 1232 .·
871 1204 906 1232 in
923 1203 1054 1235 sordido
1076 1205 1221 1246 lupanari
1239 1217 1325 1238 com-

761 1255 957 1287 morantem3
977 1250 1138 1291 lupanaria
1163 1252 1268 1283 nutem
1293 1254 1327 1284 in

759 1293 841 1324 locis
854 1294 1032 1334 fornicantis,
1047 1296 1080 1328 h.
1098 1307 1125 1329 e.
1144 1299 1179 1328 in
1193 1299 1326 1330 modum

761 1339 892 1370 fornicis
916 1344 1106 1373 constructis
1127 1344 1225 1386 vulgo
1245 1346 1327 1376 eele-

763 1385 952 1424 brabantur,
965 1386 1067 1427 unde,
1074 1389 1236 1427 fornicari
1243 1391 1326 1422 idem

763 1438 811 1462 est
839 1442 876 1462 ac
907 1443 975 1463 rem
1003 1444 1076 1465 cum
1108 1437 1328 1468 meretricibus

761 1477 888 1510 habere.
905 1496 952 1503 —
967 1481 1132 1512 Sententia
1149 1482 1208 1516 dia
1233 1483 1326 1514 Caro-

762 1524 812 1554 nis
830 1535 842 1554 .·
858 1524 890 1556 h.
915 1535 943 1556 e.
966 1526 1062 1564 Cato,
1088 1522 1248 1567 divinasti,
1271 1539 1326 1560 eeu

760 1568 868 1610 potius
902 1572 1162 1612 sapientissimam
1205 1581 1326 1607 senten-

760 1617 836 1646 tiam
850 1617 1074 1657 pronuntians.

811 1661 843 1692 8.
867 1664 975 1692 Venas
991 1663 1117 1707 inflavit
1132 1676 1144 1696 .·
1158 1665 1199 1696 ad
1219 1674 1325 1705 actum

760 1717 933 1740 venereum
945 1713 1141 1750 provocavit.
1155 1729 1203 1736 --
1224 1713 1294 1744 Ηίισ
1312 1724 1324 1743 .·

760 1752 799 1784 ad
824 1753 967 1794 lupanar.
995 1773 1043 1779 —
1067 1758 1214 1798 'AEquum
1239 1766 1288 1790 est
1311 1771 1323 1790 :

759 1799 872 1830 melius
893 1807 951 1831 est.
973 1819 1019 1825 —
1043 1802 1179 1834 Alienae
1195 1814 1323 1845 permo-

759 1845 825 1875 lere
833 1855 950 1876 uxores
961 1857 973 1876 .·
982 1848 1119 1880 obscena
1132 1859 1199 1880 vox
1215 1857 1262 1880 est
1271 1873 1281 1889 ,
1305 1851 1322 1881 ὲ

759 1890 859 1933 graeca
891 1902 968 1922 voce
996 1893 1153 1932 derivata,
1164 1893 1323 1942 jalinum,

759 1947 854 1978 quam
877 1937 1063 1971 Theocritus
1089 1940 1200 1972 eodem
1228 1952 1324 1973 sensu

759 1982 925 2024 adhibuit,
951 1994 1030 2025 pm,
1056 1986 1224 2029 subjicere,
1251 1988 1323 2018 sub-

758 2028 893 2071 agitare.
915 2047 962 2053 --
991 2030 1100 2063 Nalim
1127 2033 1292 2065 laudarier
1311 2045 1322 2064 :

757 2085 824 2106 non
835 2075 962 2107 laudem
979 2076 996 2108 a
1011 2078 1130 2110 Catone
1142 2089 1321 2110 concessam

758 2131 916 2162 cuperem.
931 2140 977 2147 —-
989 2123 1126 2155 Mirator
1137 2125 1239 2156 cunni
1259 2126 1320 2157 eu-

97 2195 107 2207 ,
138 2169 179 2199 tis
197 2167 237 2199 ad
250 2167 348 2210 pedes
364 2166 532 2199 defluentis
551 2178 615 2199 01·ae
632 2167 705 2198 sub·
751 2167 905 2207 pienm‘us
926 2169 994 2200 azbi
1016 2181 1028 2200 .·
1051 2171 1107 2211 qui
1133 2171 1215 2202 nihil
1234 2171 1320 2203 aliud
