<?xml version="1.0" encoding="UTF-8"?>
<!DOCTYPE html PUBLIC "-//W3C//DTD XHTML 1.0 Transitional//EN"
    "http://www.w3.org/TR/xhtml1/DTD/xhtml1-transitional.dtd">
<html xmlns="http://www.w3.org/1999/xhtml" xml:lang="en" lang="en">
 <head>
  <title>
</title>
<meta http-equiv="Content-Type" content="text/html;charset=utf-8" />
  <meta name='ocr-system' content='tesseract 3.04.00' />
  <meta name='ocr-capabilities' content='ocr_page ocr_carea ocr_par ocr_line ocrx_word'/>
</head>
<body>
  <div class='ocr_page' id='page_1' title='image "./quintushoratiusf02horauoft_0090.png"; bbox 0 0 1404 2522; ppageno 0'>
   <div class='ocr_carea' id='block_1_1' title="bbox 98 124 1282 777">
    <p class='ocr_par' dir='ltr' id='par_1_1' title="bbox 98 124 1282 777">
     <span class='ocr_line' id='line_1_1' title="bbox 98 124 915 166; baseline 0.006 -13"><span class='ocrx_word' id='word_1_1' title='bbox 98 124 138 153; x_wconf 56' lang='grc' dir='ltr'><strong>π</strong></span> <span class='ocrx_word' id='word_1_2' title='bbox 489 126 529 166; x_wconf 89' lang='lat' dir='ltr'>Q.</span> <span class='ocrx_word' id='word_1_3' title='bbox 555 126 738 157; x_wconf 75' lang='lat' dir='ltr'>nonATu</span> <span class='ocrx_word' id='word_1_4' title='bbox 762 126 915 158; x_wconf 76' lang='lat' dir='ltr'>FLACC1</span> 
     </span>
     <span class='ocr_line' id='line_1_2' title="bbox 203 181 1282 237; baseline 0.006 -19"><span class='ocrx_word' id='word_1_5' title='bbox 203 181 298 227; x_wconf 87' lang='lat' dir='ltr'>Quis</span> <span class='ocrx_word' id='word_1_6' title='bbox 317 182 498 219; x_wconf 78' lang='lat' dir='ltr'><strong>Parthum</strong></span> <span class='ocrx_word' id='word_1_7' title='bbox 512 193 648 233; x_wconf 84' lang='lat' dir='ltr'>paveat</span> <span class='ocrx_word' id='word_1_8' title='bbox 667 186 708 221; x_wconf 79' lang='lat'>¹7?</span> <span class='ocrx_word' id='word_1_9' title='bbox 727 185 812 234; x_wconf 88' lang='lat' dir='ltr'>quis</span> <span class='ocrx_word' id='word_1_10' title='bbox 830 184 1201 237; x_wconf 36' lang='lat' dir='ltr'>gelidumiseythen?</span> <span class='ocrx_word' id='word_1_11' title='bbox 1250 199 1282 225; x_wconf 66' lang='grc' dir='ltr'>ιε</span> 
     </span>
     <span class='ocr_line' id='line_1_3' title="bbox 200 241 1002 295; baseline 0.009 -18"><span class='ocrx_word' id='word_1_12' title='bbox 200 241 313 288; x_wconf 83' lang='lat' dir='ltr'>Quis,</span> <span class='ocrx_word' id='word_1_13' title='bbox 331 244 535 280; x_wconf 82' lang='lat' dir='ltr'>Germania</span> <span class='ocrx_word' id='word_1_14' title='bbox 549 257 644 293; x_wconf 89' lang='lat' dir='ltr'>quos</span> <span class='ocrx_word' id='word_1_15' title='bbox 660 245 819 283; x_wconf 84' lang='lat' dir='ltr'>horrida</span> <span class='ocrx_word' id='word_1_16' title='bbox 834 246 1002 295; x_wconf 87' lang='lat' dir='ltr'>parturit</span> 
     </span>
     <span class='ocr_line' id='line_1_4' title="bbox 199 301 953 354; baseline 0.008 -18"><span class='ocrx_word' id='word_1_17' title='bbox 199 302 325 337; x_wconf 86' lang='lat' dir='ltr'>Foetus</span> <span class='ocrx_word' id='word_1_18' title='bbox 338 328 348 347; x_wconf 93' lang='lat'><strong>,</strong></span> <span class='ocrx_word' id='word_1_19' title='bbox 368 301 548 338; x_wconf 91' lang='lat' dir='ltr'>incolumi</span> <span class='ocrx_word' id='word_1_20' title='bbox 562 305 740 340; x_wconf 79' lang='lat' dir='ltr'>Caesare?</span> <span class='ocrx_word' id='word_1_21' title='bbox 759 305 845 354; x_wconf 92' lang='lat' dir='ltr'>quis</span> <span class='ocrx_word' id='word_1_22' title='bbox 864 305 953 342; x_wconf 88' lang='lat' dir='ltr'>ferae</span> 
     </span>
     <span class='ocr_line' id='line_1_5' title="bbox 358 362 840 402; baseline 0.008 -4"><span class='ocrx_word' id='word_1_23' title='bbox 358 362 502 399; x_wconf 87' lang='lat' dir='ltr'>Bellum</span> <span class='ocrx_word' id='word_1_24' title='bbox 521 371 628 400; x_wconf 86' lang='lat' dir='ltr'>curet</span> <span class='ocrx_word' id='word_1_25' title='bbox 647 363 840 402; x_wconf 77' lang='lat' dir='ltr'>Hiberiae?</span> 
     </span>
     <span class='ocr_line' id='line_1_6' title="bbox 200 422 1002 476; baseline 0.01 -18"><span class='ocrx_word' id='word_1_26' title='bbox 200 422 336 459; x_wconf 86' lang='lat' dir='ltr'>Condit</span> <span class='ocrx_word' id='word_1_27' title='bbox 349 422 509 473; x_wconf 87' lang='lat' dir='ltr'>quisque</span> <span class='ocrx_word' id='word_1_28' title='bbox 527 424 626 462; x_wconf 90' lang='lat' dir='ltr'>diem</span> <span class='ocrx_word' id='word_1_29' title='bbox 643 425 802 464; x_wconf 80' lang='lat' dir='ltr'>collibus</span> <span class='ocrx_word' id='word_1_30' title='bbox 818 427 857 464; x_wconf 93' lang='lat' dir='ltr'>in</span> <span class='ocrx_word' id='word_1_31' title='bbox 875 429 952 465; x_wconf 83' lang='lat' dir='ltr'>suis</span> <span class='ocrx_word' id='word_1_32' title='bbox 969 429 1002 476; x_wconf 64' lang='grc' dir='ltr'>ὃ,</span> 
     </span>
     <span class='ocr_line' id='line_1_7' title="bbox 198 482 1279 534; baseline 0.008 -17"><span class='ocrx_word' id='word_1_33' title='bbox 198 483 244 518; x_wconf 87' lang='lat' dir='ltr'>Et</span> <span class='ocrx_word' id='word_1_34' title='bbox 263 482 379 518; x_wconf 84' lang='lat' dir='ltr'>vitem</span> <span class='ocrx_word' id='word_1_35' title='bbox 393 483 526 520; x_wconf 86' lang='lat' dir='ltr'>viduas</span> <span class='ocrx_word' id='word_1_36' title='bbox 544 484 648 522; x_wconf 86' lang='lat' dir='ltr'>ducit</span> <span class='ocrx_word' id='word_1_37' title='bbox 666 485 714 522; x_wconf 81' lang='lat' dir='ltr'>ad</span> <span class='ocrx_word' id='word_1_38' title='bbox 734 485 913 534; x_wconf 80' lang='lat' dir='ltr'>arbores3</span> <span class='ocrx_word' id='word_1_39' title='bbox 1247 502 1279 525; x_wconf 77' lang='lat'>30</span> 
     </span>
     <span class='ocr_line' id='line_1_8' title="bbox 199 538 927 590; baseline 0.011 -14"><span class='ocrx_word' id='word_1_40' title='bbox 199 538 296 577; x_wconf 85' lang='lat' dir='ltr'>Hinc</span> <span class='ocrx_word' id='word_1_41' title='bbox 310 540 358 578; x_wconf 90' lang='lat' dir='ltr'>ad</span> <span class='ocrx_word' id='word_1_42' title='bbox 373 541 462 578; x_wconf 85' lang='lat' dir='ltr'>vina</span> <span class='ocrx_word' id='word_1_43' title='bbox 481 543 579 580; x_wconf 85' lang='lat' dir='ltr'>redit</span> <span class='ocrx_word' id='word_1_44' title='bbox 595 545 720 590; x_wconf 80' lang='lat' dir='ltr'>laetus,</span> <span class='ocrx_word' id='word_1_45' title='bbox 742 554 779 582; x_wconf 88' lang='lat' dir='ltr'>et</span> <span class='ocrx_word' id='word_1_46' title='bbox 797 546 927 583; x_wconf 78' lang='lat' dir='ltr'>alteris</span> 
     </span>
     <span class='ocr_line' id='line_1_9' title="bbox 354 602 901 652; baseline 0.011 -14"><span class='ocrx_word' id='word_1_47' title='bbox 354 602 408 638; x_wconf 90' lang='lat' dir='ltr'>Te</span> <span class='ocrx_word' id='word_1_48' title='bbox 427 603 562 641; x_wconf 88' lang='lat' dir='ltr'>mensis</span> <span class='ocrx_word' id='word_1_49' title='bbox 579 604 736 643; x_wconf 85' lang='lat' dir='ltr'>adhibet</span> <span class='ocrx_word' id='word_1_50' title='bbox 754 609 901 652; x_wconf 88' lang='lat' dir='ltr'>Deum;</span> 
     </span>
     <span class='ocr_line' id='line_1_10' title="bbox 196 661 978 716; baseline 0.012 -21"><span class='ocrx_word' id='word_1_51' title='bbox 196 662 250 696; x_wconf 91' lang='lat' dir='ltr'>Te</span> <span class='ocrx_word' id='word_1_52' title='bbox 270 661 387 698; x_wconf 64' lang='lat' dir='ltr'>multa</span> <span class='ocrx_word' id='word_1_53' title='bbox 407 676 540 712; x_wconf 84' lang='lat' dir='ltr'>prece,</span> <span class='ocrx_word' id='word_1_54' title='bbox 558 672 594 701; x_wconf 89' lang='lat' dir='ltr'>te</span> <span class='ocrx_word' id='word_1_55' title='bbox 610 666 856 716; x_wconf 86' lang='lat' dir='ltr'>prosequitur</span> <span class='ocrx_word' id='word_1_56' title='bbox 874 680 978 705; x_wconf 88' lang='lat' dir='ltr'>mero</span> 
     </span>
     <span class='ocr_line' id='line_1_11' title="bbox 197 720 882 777; baseline 0.012 -22"><span class='ocrx_word' id='word_1_57' title='bbox 197 720 340 757; x_wconf 86' lang='lat' dir='ltr'>Defuso</span> <span class='ocrx_word' id='word_1_58' title='bbox 360 724 518 771; x_wconf 82' lang='lat' dir='ltr'>pateris;</span> <span class='ocrx_word' id='word_1_59' title='bbox 538 733 575 762; x_wconf 88' lang='lat' dir='ltr'>et</span> <span class='ocrx_word' id='word_1_60' title='bbox 591 725 753 777; x_wconf 62' lang='lat' dir='ltr'>Laribus⁸</span> <span class='ocrx_word' id='word_1_61' title='bbox 773 736 882 764; x_wconf 88' lang='lat' dir='ltr'>tuum</span> 
     </span>
    </p>
   </div>
   <div class='ocr_carea' id='block_1_2' title="bbox 451 867 467 874">
    <p class='ocr_par' dir='ltr' id='par_1_2' title="bbox 451 867 467 874">
     <span class='ocr_line' id='line_1_12' title="bbox 451 867 467 874; baseline 0 0"><span class='ocrx_word' id='word_1_62' title='bbox 451 867 467 874; x_wconf 51' lang='lat' dir='ltr'>s</span> 
     </span>
    </p>
   </div>
   <div class='ocr_carea' id='block_1_3' title="bbox 82 910 655 1457">
    <p class='ocr_par' dir='ltr' id='par_1_3' title="bbox 82 910 655 1457">
     <span class='ocr_line' id='line_1_13' title="bbox 87 910 653 954; baseline 0.009 -15"><span class='ocrx_word' id='word_1_63' title='bbox 87 910 235 940; x_wconf 77' lang='lat' dir='ltr'>castitatis</span> <span class='ocrx_word' id='word_1_64' title='bbox 250 918 471 950; x_wconf 78' lang='lat' dir='ltr'>argumentum</span> <span class='ocrx_word' id='word_1_65' title='bbox 494 913 590 954; x_wconf 73' lang='lat' dir='ltr'>vulgo</span> <span class='ocrx_word' id='word_1_66' title='bbox 604 925 653 944; x_wconf 90' lang='lat' dir='ltr'>re-</span> 
     </span>
     <span class='ocr_line' id='line_1_14' title="bbox 87 958 653 1000; baseline 0.009 -15"><span class='ocrx_word' id='word_1_67' title='bbox 87 963 229 996; x_wconf 86' lang='lat' dir='ltr'>putatur.</span> <span class='ocrx_word' id='word_1_68' title='bbox 260 958 344 986; x_wconf 88' lang='lat' dir='ltr'>Huic</span> <span class='ocrx_word' id='word_1_69' title='bbox 375 959 523 998; x_wconf 88' lang='lat' dir='ltr'>opinioni</span> <span class='ocrx_word' id='word_1_70' title='bbox 549 970 653 1000; x_wconf 81' lang='lat' dir='ltr'>neque</span> 
     </span>
     <span class='ocr_line' id='line_1_15' title="bbox 88 1002 653 1045; baseline 0.007 -13"><span class='ocrx_word' id='word_1_71' title='bbox 88 1003 220 1032; x_wconf 66' lang='lat' dir='ltr'>omnino</span> <span class='ocrx_word' id='word_1_72' title='bbox 253 1002 426 1042; x_wconf 82' lang='lat' dir='ltr'>adversari,</span> <span class='ocrx_word' id='word_1_73' title='bbox 455 1015 559 1045; x_wconf 87' lang='lat' dir='ltr'>neque</span> <span class='ocrx_word' id='word_1_74' title='bbox 593 1017 653 1036; x_wconf 84' lang='lat' dir='ltr'>cae-</span> 
     </span>
     <span class='ocr_line' id='line_1_16' title="bbox 89 1048 654 1082; baseline 0.009 -5"><span class='ocrx_word' id='word_1_75' title='bbox 89 1059 158 1078; x_wconf 85' lang='lat' dir='ltr'>cam</span> <span class='ocrx_word' id='word_1_76' title='bbox 185 1055 216 1078; x_wconf 89' lang='lat' dir='ltr'>et</span> <span class='ocrx_word' id='word_1_77' title='bbox 243 1048 424 1080; x_wconf 76' lang='lat' dir='ltr'>absolutam</span> <span class='ocrx_word' id='word_1_78' title='bbox 447 1050 597 1082; x_wconf 80' lang='lat' dir='ltr'>adhibere</span> <span class='ocrx_word' id='word_1_79' title='bbox 618 1052 654 1082; x_wconf 88' lang='lat' dir='ltr'>fi-</span> 
     </span>
     <span class='ocr_line' id='line_1_17' title="bbox 86 1094 654 1138; baseline 0.007 -14"><span class='ocrx_word' id='word_1_80' title='bbox 86 1094 160 1125; x_wconf 85' lang='lat' dir='ltr'>dem</span> <span class='ocrx_word' id='word_1_81' title='bbox 174 1095 353 1135; x_wconf 85' lang='lat' dir='ltr'>prudentiae</span> <span class='ocrx_word' id='word_1_82' title='bbox 377 1103 434 1127; x_wconf 81' lang='lat' dir='ltr'>est.</span> <span class='ocrx_word' id='word_1_83' title='bbox 452 1115 500 1120; x_wconf 90' lang='lat'>—</span> <span class='ocrx_word' id='word_1_84' title='bbox 519 1098 654 1138; x_wconf 80' lang='lat' dir='ltr'>Culpam</span> 
     </span>
     <span class='ocr_line' id='line_1_18' title="bbox 82 1141 655 1183; baseline 0.009 -13"><span class='ocrx_word' id='word_1_85' title='bbox 82 1151 183 1181; x_wconf 78' lang='lat' dir='ltr'>poena</span> <span class='ocrx_word' id='word_1_86' title='bbox 196 1141 313 1180; x_wconf 75' lang='lat' dir='ltr'>premit</span> <span class='ocrx_word' id='word_1_87' title='bbox 327 1153 432 1172; x_wconf 80' lang='lat' dir='ltr'>comes</span> <span class='ocrx_word' id='word_1_88' title='bbox 447 1153 459 1172; x_wconf 89' lang='lat'><em>:</em></span> <span class='ocrx_word' id='word_1_89' title='bbox 474 1144 655 1183; x_wconf 75' lang='lat' dir='ltr'>vigilantem</span> 
     </span>
     <span class='ocr_line' id='line_1_19' title="bbox 84 1187 655 1230; baseline 0.011 -15"><span class='ocrx_word' id='word_1_90' title='bbox 84 1188 223 1228; x_wconf 77' lang='lat' dir='ltr'>Augusti</span> <span class='ocrx_word' id='word_1_91' title='bbox 237 1187 431 1230; x_wconf 80' lang='lat' dir='ltr'>diligentiam</span> <span class='ocrx_word' id='word_1_92' title='bbox 443 1189 549 1220; x_wconf 87' lang='lat' dir='ltr'>laudat</span> <span class='ocrx_word' id='word_1_93' title='bbox 558 1213 567 1228; x_wconf 86' lang='lat'><strong>‚</strong></span> <span class='ocrx_word' id='word_1_94' title='bbox 577 1189 655 1221; x_wconf 75' lang='lat' dir='ltr'>dum</span> 
     </span>
     <span class='ocr_line' id='line_1_20' title="bbox 85 1232 655 1276; baseline 0.011 -15"><span class='ocrx_word' id='word_1_95' title='bbox 85 1242 214 1273; x_wconf 82' lang='lat' dir='ltr'>poenam</span> <span class='ocrx_word' id='word_1_96' title='bbox 227 1232 367 1275; x_wconf 84' lang='lat' dir='ltr'>effingit,</span> <span class='ocrx_word' id='word_1_97' title='bbox 384 1235 428 1265; x_wconf 67' lang='lat' dir='ltr'>ita</span> <span class='ocrx_word' id='word_1_98' title='bbox 441 1238 576 1276; x_wconf 84' lang='lat' dir='ltr'>peccatis</span> <span class='ocrx_word' id='word_1_99' title='bbox 590 1248 655 1268; x_wconf 86' lang='lat' dir='ltr'>ves-</span> 
     </span>
     <span class='ocr_line' id='line_1_21' title="bbox 84 1280 651 1323; baseline 0.011 -16"><span class='ocrx_word' id='word_1_100' title='bbox 84 1280 160 1320; x_wconf 82' lang='lat' dir='ltr'>tigia</span> <span class='ocrx_word' id='word_1_101' title='bbox 173 1288 370 1319; x_wconf 81' lang='lat' dir='ltr'>prementem</span> <span class='ocrx_word' id='word_1_102' title='bbox 394 1288 431 1311; x_wconf 87' lang='lat' dir='ltr'>ut</span> <span class='ocrx_word' id='word_1_103' title='bbox 457 1282 651 1323; x_wconf 75' lang='lat' dir='ltr'>flagitiorum</span> 
     </span>
     <span class='ocr_line' id='line_1_22' title="bbox 86 1326 651 1367; baseline 0.012 -14"><span class='ocrx_word' id='word_1_104' title='bbox 86 1326 234 1366; x_wconf 87' lang='lat' dir='ltr'>contagio</span> <span class='ocrx_word' id='word_1_105' title='bbox 276 1326 454 1367; x_wconf 62' lang='lat' dir='ltr'>periculosa</span> <span class='ocrx_word' id='word_1_106' title='bbox 499 1328 651 1360; x_wconf 76' lang='lat' dir='ltr'>dilatione</span> 
     </span>
     <span class='ocr_line' id='line_1_23' title="bbox 84 1370 649 1411; baseline 0.005 -9"><span class='ocrx_word' id='word_1_107' title='bbox 84 1370 251 1411; x_wconf 69' lang='lat' dir='ltr'>nunqua&#39;im</span> <span class='ocrx_word' id='word_1_108' title='bbox 266 1373 331 1401; x_wconf 87' lang='lat' dir='ltr'>vim</span> <span class='ocrx_word' id='word_1_109' title='bbox 348 1379 379 1402; x_wconf 87' lang='lat' dir='ltr'>et</span> <span class='ocrx_word' id='word_1_110' title='bbox 394 1373 495 1403; x_wconf 88' lang='lat' dir='ltr'>robur</span> <span class='ocrx_word' id='word_1_111' title='bbox 511 1385 649 1405; x_wconf 83' lang='lat' dir='ltr'>assume-</span> 
     </span>
     <span class='ocr_line' id='line_1_24' title="bbox 84 1423 238 1457; baseline 0.006 -11"><span class='ocrx_word' id='word_1_112' title='bbox 84 1427 118 1446; x_wconf 80' lang='lat' dir='ltr'>re</span> <span class='ocrx_word' id='word_1_113' title='bbox 134 1423 238 1457; x_wconf 82' lang='lat' dir='ltr'>queat.</span> 
     </span>
    </p>
   </div>
   <div class='ocr_carea' id='block_1_4' title="bbox 75 1483 648 1977">
    <p class='ocr_par' dir='ltr' id='par_1_4' title="bbox 75 1483 648 1977">
     <span class='ocr_line' id='line_1_25' title="bbox 133 1483 648 1527; baseline 0.014 -16"><span class='ocrx_word' id='word_1_114' title='bbox 133 1494 163 1523; x_wconf 79' lang='lat'>7,</span> <span class='ocrx_word' id='word_1_115' title='bbox 202 1483 279 1524; x_wconf 76' lang='lat' dir='ltr'>Quis</span> <span class='ocrx_word' id='word_1_116' title='bbox 311 1484 466 1515; x_wconf 79' lang='lat' dir='ltr'>Parthum</span> <span class='ocrx_word' id='word_1_117' title='bbox 496 1494 617 1527; x_wconf 81' lang='lat' dir='ltr'>paveat</span> <span class='ocrx_word' id='word_1_118' title='bbox 630 1491 648 1518; x_wconf 82' lang='lat'>:²</span> 
     </span>
     <span class='ocr_line' id='line_1_26' title="bbox 83 1530 648 1574; baseline 0.007 -14"><span class='ocrx_word' id='word_1_119' title='bbox 83 1540 150 1560; x_wconf 86' lang='lat' dir='ltr'>non</span> <span class='ocrx_word' id='word_1_120' title='bbox 165 1530 238 1559; x_wconf 71' lang='lat' dir='ltr'>satis</span> <span class='ocrx_word' id='word_1_121' title='bbox 263 1536 310 1560; x_wconf 90' lang='lat' dir='ltr'>est</span> <span class='ocrx_word' id='word_1_122' title='bbox 327 1530 415 1561; x_wconf 86' lang='lat' dir='ltr'>bono</span> <span class='ocrx_word' id='word_1_123' title='bbox 437 1532 576 1574; x_wconf 83' lang='lat' dir='ltr'>principi</span> <span class='ocrx_word' id='word_1_124' title='bbox 599 1545 648 1564; x_wconf 87' lang='lat' dir='ltr'>res</span> 
     </span>
     <span class='ocr_line' id='line_1_27' title="bbox 80 1575 648 1617; baseline 0.009 -11"><span class='ocrx_word' id='word_1_125' title='bbox 80 1577 219 1607; x_wconf 84' lang='lat' dir='ltr'>internas</span> <span class='ocrx_word' id='word_1_126' title='bbox 234 1575 273 1606; x_wconf 86' lang='lat' dir='ltr'>ad</span> <span class='ocrx_word' id='word_1_127' title='bbox 285 1576 392 1617; x_wconf 86' lang='lat' dir='ltr'>legum</span> <span class='ocrx_word' id='word_1_128' title='bbox 406 1588 550 1608; x_wconf 86' lang='lat' dir='ltr'>normam</span> <span class='ocrx_word' id='word_1_129' title='bbox 565 1590 648 1610; x_wconf 89' lang='lat' dir='ltr'>com—</span> 
     </span>
     <span class='ocr_line' id='line_1_28' title="bbox 81 1623 646 1665; baseline 0.005 -12"><span class='ocrx_word' id='word_1_130' title='bbox 81 1633 200 1663; x_wconf 84' lang='lat' dir='ltr'>ponere</span> <span class='ocrx_word' id='word_1_131' title='bbox 209 1645 218 1661; x_wconf 90' lang='lat'>‚</span> <span class='ocrx_word' id='word_1_132' title='bbox 229 1623 256 1653; x_wconf 79' lang='lat' dir='ltr'>si</span> <span class='ocrx_word' id='word_1_133' title='bbox 265 1623 305 1652; x_wconf 88' lang='lat' dir='ltr'>ab</span> <span class='ocrx_word' id='word_1_134' title='bbox 318 1625 457 1654; x_wconf 82' lang='lat' dir='ltr'>externis</span> <span class='ocrx_word' id='word_1_135' title='bbox 467 1626 646 1665; x_wconf 86' lang='lat' dir='ltr'>periculum</span> 
     </span>
     <span class='ocr_line' id='line_1_29' title="bbox 79 1669 647 1710; baseline 0.007 -12"><span class='ocrx_word' id='word_1_136' title='bbox 79 1670 226 1710; x_wconf 80' lang='lat' dir='ltr'>ingruat,</span> <span class='ocrx_word' id='word_1_137' title='bbox 251 1669 303 1699; x_wconf 83' lang='lat' dir='ltr'>vel</span> <span class='ocrx_word' id='word_1_138' title='bbox 325 1670 419 1699; x_wconf 79' lang='lat' dir='ltr'>etiam</span> <span class='ocrx_word' id='word_1_139' title='bbox 439 1671 467 1700; x_wconf 89' lang='lat' dir='ltr'>si</span> <span class='ocrx_word' id='word_1_140' title='bbox 497 1673 647 1702; x_wconf 80' lang='lat' dir='ltr'>securitas</span> 
     </span>
     <span class='ocr_line' id='line_1_30' title="bbox 81 1715 647 1757; baseline 0.005 -12"><span class='ocrx_word' id='word_1_141' title='bbox 81 1715 172 1746; x_wconf 81' lang='lat' dir='ltr'>absit.</span> <span class='ocrx_word' id='word_1_142' title='bbox 191 1717 331 1756; x_wconf 80' lang='lat' dir='ltr'>Longam</span> <span class='ocrx_word' id='word_1_143' title='bbox 354 1716 451 1757; x_wconf 85' lang='lat' dir='ltr'>igitur</span> <span class='ocrx_word' id='word_1_144' title='bbox 467 1716 647 1748; x_wconf 75' lang='lat' dir='ltr'>domesticae</span> 
     </span>
     <span class='ocr_line' id='line_1_31' title="bbox 77 1763 647 1802; baseline 0.007 -11"><span class='ocrx_word' id='word_1_145' title='bbox 77 1763 295 1802; x_wconf 77' lang='lat' dir='ltr'>prosperitatis</span> <span class='ocrx_word' id='word_1_146' title='bbox 325 1764 557 1802; x_wconf 83' lang='lat' dir='ltr'>possessionem</span> <span class='ocrx_word' id='word_1_147' title='bbox 584 1766 647 1795; x_wconf 82' lang='lat' dir='ltr'>Ro-</span> 
     </span>
     <span class='ocr_line' id='line_1_32' title="bbox 77 1809 644 1851; baseline 0.007 -15"><span class='ocrx_word' id='word_1_148' title='bbox 77 1809 180 1837; x_wconf 88' lang='lat' dir='ltr'>manis</span> <span class='ocrx_word' id='word_1_149' title='bbox 194 1815 368 1837; x_wconf 86' lang='lat' dir='ltr'>asseruerat</span> <span class='ocrx_word' id='word_1_150' title='bbox 384 1809 561 1850; x_wconf 77' lang='lat' dir='ltr'>Augustus,</span> <span class='ocrx_word' id='word_1_151' title='bbox 574 1820 644 1851; x_wconf 86' lang='lat' dir='ltr'>per-</span> 
     </span>
     <span class='ocr_line' id='line_1_33' title="bbox 76 1853 644 1897; baseline 0.005 -14"><span class='ocrx_word' id='word_1_152' title='bbox 76 1853 205 1884; x_wconf 80' lang='lat' dir='ltr'>domitis</span> <span class='ocrx_word' id='word_1_153' title='bbox 224 1853 384 1884; x_wconf 89' lang='lat' dir='ltr'>ferocibus</span> <span class='ocrx_word' id='word_1_154' title='bbox 408 1855 535 1896; x_wconf 87' lang='lat' dir='ltr'>populis</span> <span class='ocrx_word' id='word_1_155' title='bbox 561 1866 644 1897; x_wconf 86' lang='lat' dir='ltr'>quos</span> 
     </span>
     <span class='ocr_line' id='line_1_34' title="bbox 75 1898 645 1941; baseline 0.004 -11"><span class='ocrx_word' id='word_1_156' title='bbox 75 1899 199 1941; x_wconf 74' lang='lat' dir='ltr'>semper</span> <span class='ocrx_word' id='word_1_157' title='bbox 216 1898 368 1930; x_wconf 68' lang='lat' dir='ltr'>hactenus</span> <span class='ocrx_word' id='word_1_158' title='bbox 393 1901 645 1933; x_wconf 76' lang='lat' dir='ltr'>reformidaudos</span> 
     </span>
     <span class='ocr_line' id='line_1_35' title="bbox 76 1945 264 1977; baseline 0.011 -2"><span class='ocrx_word' id='word_1_159' title='bbox 76 1945 264 1977; x_wconf 66' lang='lat' dir='ltr'>habuerant.</span> 
     </span>
    </p>
   </div>
   <div class='ocr_carea' id='block_1_5' title="bbox 68 2015 645 2235">
    <p class='ocr_par' dir='ltr' id='par_1_5' title="bbox 68 2015 645 2235">
     <span class='ocr_line' id='line_1_36' title="bbox 122 2015 645 2057; baseline 0.008 -12"><span class='ocrx_word' id='word_1_160' title='bbox 122 2016 153 2046; x_wconf 87' lang='grc'>8.</span> <span class='ocrx_word' id='word_1_161' title='bbox 182 2015 303 2046; x_wconf 73' lang='lat' dir='ltr'>Condit</span> <span class='ocrx_word' id='word_1_162' title='bbox 321 2016 454 2057; x_wconf 77' lang='lat' dir='ltr'>quisque</span> <span class='ocrx_word' id='word_1_163' title='bbox 470 2017 556 2049; x_wconf 80' lang='lat' dir='ltr'>diem</span> <span class='ocrx_word' id='word_1_164' title='bbox 582 2020 645 2050; x_wconf 85' lang='lat' dir='ltr'>col-</span> 
     </span>
     <span class='ocr_line' id='line_1_37' title="bbox 71 2061 640 2106; baseline 0.007 -15"><span class='ocrx_word' id='word_1_165' title='bbox 71 2061 152 2092; x_wconf 78' lang='lat' dir='ltr'>libus</span> <span class='ocrx_word' id='word_1_166' title='bbox 170 2061 203 2091; x_wconf 85' lang='lat' dir='ltr'>in</span> <span class='ocrx_word' id='word_1_167' title='bbox 227 2061 292 2091; x_wconf 78' lang='lat' dir='ltr'>suis</span> <span class='ocrx_word' id='word_1_168' title='bbox 311 2073 323 2091; x_wconf 91' lang='grc'>.·</span> <span class='ocrx_word' id='word_1_169' title='bbox 348 2062 551 2094; x_wconf 87' lang='lat' dir='ltr'>horridarum</span> <span class='ocrx_word' id='word_1_170' title='bbox 567 2075 640 2106; x_wconf 81' lang='lat' dir='ltr'>gen-</span> 
     </span>
     <span class='ocr_line' id='line_1_38' title="bbox 71 2109 638 2141; baseline 0.005 -3"><span class='ocrx_word' id='word_1_171' title='bbox 71 2109 151 2139; x_wconf 87' lang='lat' dir='ltr'>tium</span> <span class='ocrx_word' id='word_1_172' title='bbox 183 2110 415 2139; x_wconf 77' lang='lat' dir='ltr'>enumerationi</span> <span class='ocrx_word' id='word_1_173' title='bbox 455 2112 638 2141; x_wconf 83' lang='lat' dir='ltr'>suavissima</span> 
     </span>
     <span class='ocr_line' id='line_1_39' title="bbox 70 2154 638 2196; baseline 0.009 -13"><span class='ocrx_word' id='word_1_174' title='bbox 70 2154 212 2184; x_wconf 81' lang='lat' dir='ltr'>succedit</span> <span class='ocrx_word' id='word_1_175' title='bbox 232 2155 410 2195; x_wconf 61' lang='lat' dir='ltr'>tranquillae</span> <span class='ocrx_word' id='word_1_176' title='bbox 435 2163 530 2196; x_wconf 76' lang='lat' dir='ltr'>atque</span> <span class='ocrx_word' id='word_1_177' title='bbox 555 2158 638 2188; x_wconf 87' lang='lat' dir='ltr'>inter</span> 
     </span>
     <span class='ocr_line' id='line_1_40' title="bbox 68 2200 638 2235; baseline 0.009 -6"><span class='ocrx_word' id='word_1_178' title='bbox 68 2200 227 2231; x_wconf 83' lang='lat' dir='ltr'>innocuos</span> <span class='ocrx_word' id='word_1_179' title='bbox 240 2202 323 2231; x_wconf 87' lang='lat' dir='ltr'>ruris</span> <span class='ocrx_word' id='word_1_180' title='bbox 338 2201 462 2233; x_wconf 84' lang='lat' dir='ltr'>labores</span> <span class='ocrx_word' id='word_1_181' title='bbox 476 2209 553 2233; x_wconf 85' lang='lat' dir='ltr'>actae</span> <span class='ocrx_word' id='word_1_182' title='bbox 567 2205 638 2235; x_wconf 85' lang='lat' dir='ltr'>vitae</span> 
     </span>
    </p>
   </div>
   <div class='ocr_carea' id='block_1_6' title="bbox 691 914 1287 2251">
    <p class='ocr_par' dir='ltr' id='par_1_6' title="bbox 691 914 1287 2251">
     <span class='ocr_line' id='line_1_41' title="bbox 708 914 1277 963; baseline 0.018 -19"><span class='ocrx_word' id='word_1_183' title='bbox 708 914 899 956; x_wconf 79' lang='lat' dir='ltr'>descripti03</span> <span class='ocrx_word' id='word_1_184' title='bbox 921 918 1031 948; x_wconf 80' lang='lat' dir='ltr'>condit</span> <span class='ocrx_word' id='word_1_185' title='bbox 1048 918 1137 958; x_wconf 75' lang='lat' dir='ltr'>dies,</span> <span class='ocrx_word' id='word_1_186' title='bbox 1156 926 1194 952; x_wconf 73' lang='lat' dir='ltr'>nt</span> <span class='ocrx_word' id='word_1_187' title='bbox 1205 931 1277 963; x_wconf 71' lang='lat' dir='ltr'>sup.</span> 
     </span>
     <span class='ocr_line' id='line_1_42' title="bbox 708 963 1278 1004; baseline 0.016 -14"><span class='ocrx_word' id='word_1_188' title='bbox 708 968 776 992; x_wconf 88' lang='lat' dir='ltr'>not.</span> <span class='ocrx_word' id='word_1_189' title='bbox 795 971 812 991; x_wconf 69' lang='grc' dir='ltr'>α</span> <span class='ocrx_word' id='word_1_190' title='bbox 825 984 834 1002; x_wconf 73' lang='lat'>‚</span> <span class='ocrx_word' id='word_1_191' title='bbox 852 963 1015 1004; x_wconf 73' lang='lat' dir='ltr'>eVirgilio</span> <span class='ocrx_word' id='word_1_192' title='bbox 1039 966 1174 997; x_wconf 74' lang='lat' dir='ltr'>condem</span> <span class='ocrx_word' id='word_1_193' title='bbox 1191 969 1278 999; x_wconf 71' lang='lat' dir='ltr'>soles</span> 
     </span>
     <span class='ocr_line' id='line_1_43' title="bbox 707 1008 1276 1053; baseline 0.016 -17"><span class='ocrx_word' id='word_1_194' title='bbox 707 1008 892 1045; x_wconf 81' lang='lat' dir='ltr'>citavimus,</span> <span class='ocrx_word' id='word_1_195' title='bbox 910 1011 1061 1051; x_wconf 74' lang='lat' dir='ltr'>quisquis.</span> <span class='ocrx_word' id='word_1_196' title='bbox 1081 1022 1165 1053; x_wconf 71' lang='lat' dir='ltr'>opus</span> <span class='ocrx_word' id='word_1_197' title='bbox 1185 1024 1276 1045; x_wconf 73' lang='lat' dir='ltr'>exer-</span> 
     </span>
     <span class='ocr_line' id='line_1_44' title="bbox 708 1056 1275 1095; baseline 0.018 -13"><span class='ocrx_word' id='word_1_198' title='bbox 708 1060 774 1090; x_wconf 82' lang='lat' dir='ltr'>cet,</span> <span class='ocrx_word' id='word_1_199' title='bbox 803 1064 861 1093; x_wconf 85' lang='lat' dir='ltr'>per</span> <span class='ocrx_word' id='word_1_200' title='bbox 896 1056 985 1095; x_wconf 83' lang='lat' dir='ltr'>qnod</span> <span class='ocrx_word' id='word_1_201' title='bbox 1017 1059 1275 1092; x_wconf 73' lang='lat' dir='ltr'>continuandum</span> 
     </span>
     <span class='ocr_line' id='line_1_45' title="bbox 710 1098 1274 1138; baseline 0.02 -11"><span class='ocrx_word' id='word_1_202' title='bbox 710 1098 777 1129; x_wconf 81' lang='lat' dir='ltr'>dies</span> <span class='ocrx_word' id='word_1_203' title='bbox 791 1099 842 1129; x_wconf 82' lang='lat' dir='ltr'>vel</span> <span class='ocrx_word' id='word_1_204' title='bbox 859 1100 909 1130; x_wconf 81' lang='lat' dir='ltr'>sol</span> <span class='ocrx_word' id='word_1_205' title='bbox 931 1103 1087 1135; x_wconf 64' lang='lat' dir='ltr'>conditum</span> <span class='ocrx_word' id='word_1_206' title='bbox 1099 1107 1208 1137; x_wconf 78' lang='lat' dir='ltr'><em>-—-·Ec</em></span> <span class='ocrx_word' id='word_1_207' title='bbox 1218 1107 1274 1138; x_wconf 73' lang='lat'>‘111&#39;-</span> 
     </span>
     <span class='ocr_line' id='line_1_46' title="bbox 708 1145 1274 1184; baseline 0.019 -11"><span class='ocrx_word' id='word_1_208' title='bbox 708 1152 771 1174; x_wconf 82' lang='lat' dir='ltr'>cem</span> <span class='ocrx_word' id='word_1_209' title='bbox 798 1145 918 1175; x_wconf 78' lang='lat' dir='ltr'>viduas</span> <span class='ocrx_word' id='word_1_210' title='bbox 944 1147 1031 1178; x_wconf 82' lang='lat' dir='ltr'>ducit</span> <span class='ocrx_word' id='word_1_211' title='bbox 1049 1149 1098 1179; x_wconf 81' lang='lat' dir='ltr'>ad</span> <span class='ocrx_word' id='word_1_212' title='bbox 1120 1151 1248 1183; x_wconf 68' lang='lat' dir='ltr'>arbores</span> <span class='ocrx_word' id='word_1_213' title='bbox 1262 1165 1274 1184; x_wconf 92' lang='grc'>.·</span> 
     </span>
     <span class='ocr_line' id='line_1_47' title="bbox 707 1191 1274 1232; baseline 0.014 -12"><span class='ocrx_word' id='word_1_214' title='bbox 707 1197 738 1221; x_wconf 89' lang='lat' dir='ltr'>et</span> <span class='ocrx_word' id='word_1_215' title='bbox 749 1191 872 1232; x_wconf 86' lang='lat' dir='ltr'>jungit,</span> <span class='ocrx_word' id='word_1_216' title='bbox 894 1194 1018 1224; x_wconf 72' lang='lat' dir='ltr'>maritat</span> <span class='ocrx_word' id='word_1_217' title='bbox 1041 1195 1138 1225; x_wconf 72' lang='lat' dir='ltr'>vitem</span> <span class='ocrx_word' id='word_1_218' title='bbox 1150 1197 1274 1228; x_wconf 81' lang='lat' dir='ltr'>arbori·</span> 
     </span>
     <span class='ocr_line' id='line_1_48' title="bbox 706 1236 1267 1282; baseline 0.016 -16"><span class='ocrx_word' id='word_1_219' title='bbox 706 1236 767 1267; x_wconf 85' lang='lat' dir='ltr'>hus</span> <span class='ocrx_word' id='word_1_220' title='bbox 790 1247 878 1277; x_wconf 73' lang='lat' dir='ltr'>qnae,</span> <span class='ocrx_word' id='word_1_221' title='bbox 894 1249 952 1278; x_wconf 85' lang='lat' dir='ltr'>per</span> <span class='ocrx_word' id='word_1_222' title='bbox 978 1239 1118 1281; x_wconf 80' lang='lat' dir='ltr'>aliquem</span> <span class='ocrx_word' id='word_1_223' title='bbox 1143 1252 1267 1282; x_wconf 78' lang='lat' dir='ltr'>casum,</span> 
     </span>
     <span class='ocr_line' id='line_1_49' title="bbox 707 1282 1272 1330; baseline 0.016 -19"><span class='ocrx_word' id='word_1_224' title='bbox 707 1282 844 1323; x_wconf 79' lang='lat' dir='ltr'>exempl.</span> <span class='ocrx_word' id='word_1_225' title='bbox 863 1291 941 1325; x_wconf 82' lang='lat' dir='ltr'>grat.</span> <span class='ocrx_word' id='word_1_226' title='bbox 964 1295 1022 1325; x_wconf 85' lang='lat' dir='ltr'>per</span> <span class='ocrx_word' id='word_1_227' title='bbox 1034 1288 1153 1326; x_wconf 66' lang='lat' dir='ltr'>prioris</span> <span class='ocrx_word' id='word_1_228' title='bbox 1165 1290 1272 1330; x_wconf 72' lang='lat' dir='ltr'>stirpis</span> 
     </span>
     <span class='ocr_line' id='line_1_50' title="bbox 704 1330 1273 1377; baseline 0.016 -19"><span class='ocrx_word' id='word_1_229' title='bbox 704 1330 909 1367; x_wconf 84' lang='lat' dir='ltr'>excisionem,</span> <span class='ocrx_word' id='word_1_230' title='bbox 922 1330 1009 1362; x_wconf 83' lang='lat' dir='ltr'>dulci</span> <span class='ocrx_word' id='word_1_231' title='bbox 1026 1333 1082 1363; x_wconf 85' lang='lat' dir='ltr'>iuo</span> <span class='ocrx_word' id='word_1_232' title='bbox 1091 1355 1100 1371; x_wconf 90' lang='lat'>,</span> <span class='ocrx_word' id='word_1_233' title='bbox 1116 1344 1182 1374; x_wconf 86' lang='lat' dir='ltr'>quo</span> <span class='ocrx_word' id='word_1_234' title='bbox 1194 1346 1273 1377; x_wconf 80' lang='lat' dir='ltr'>gau-</span> 
     </span>
     <span class='ocr_line' id='line_1_51' title="bbox 704 1375 1271 1423; baseline 0.014 -18"><span class='ocrx_word' id='word_1_235' title='bbox 704 1375 779 1405; x_wconf 86' lang='lat' dir='ltr'>dere</span> <span class='ocrx_word' id='word_1_236' title='bbox 819 1375 987 1415; x_wconf 82' lang='lat' dir='ltr'>videntur,</span> <span class='ocrx_word' id='word_1_237' title='bbox 1013 1375 1179 1412; x_wconf 68' lang='lat' dir='ltr'>consortio</span> <span class='ocrx_word' id='word_1_238' title='bbox 1205 1383 1271 1423; x_wconf 86' lang='lat' dir='ltr'>pri·</span> 
     </span>
     <span class='ocr_line' id='line_1_52' title="bbox 702 1423 1287 1462; baseline 0.015 -11"><span class='ocrx_word' id='word_1_239' title='bbox 702 1428 782 1452; x_wconf 81' lang='lat' dir='ltr'>vatae</span> <span class='ocrx_word' id='word_1_240' title='bbox 805 1428 836 1452; x_wconf 86' lang='lat' dir='ltr'>et</span> <span class='ocrx_word' id='word_1_241' title='bbox 855 1423 943 1462; x_wconf 74' lang='lat' dir='ltr'>quasi</span> <span class='ocrx_word' id='word_1_242' title='bbox 975 1423 1088 1456; x_wconf 67' lang='lat' dir='ltr'>vidaus</span> <span class='ocrx_word' id='word_1_243' title='bbox 1110 1434 1210 1459; x_wconf 77' lang='lat' dir='ltr'>emt.</span> <span class='ocrx_word' id='word_1_244' title='bbox 1224 1438 1287 1453; x_wconf 82' lang='lat'>—-·</span> 
     </span>
     <span class='ocr_line' id='line_1_53' title="bbox 701 1465 1269 1512; baseline 0.018 -16"><span class='ocrx_word' id='word_1_245' title='bbox 701 1465 787 1497; x_wconf 72' lang='lat' dir='ltr'>Hinc</span> <span class='ocrx_word' id='word_1_246' title='bbox 797 1479 809 1498; x_wconf 89' lang='lat'>.·</span> <span class='ocrx_word' id='word_1_247' title='bbox 827 1468 994 1510; x_wconf 65' lang='lat' dir='ltr'>postquzim</span> <span class='ocrx_word' id='word_1_248' title='bbox 1017 1480 1099 1512; x_wconf 71' lang='lat' dir='ltr'>opus</span> <span class='ocrx_word' id='word_1_249' title='bbox 1115 1473 1269 1505; x_wconf 77' lang='lat' dir='ltr'>diurnum</span> 
     </span>
     <span class='ocr_line' id='line_1_54' title="bbox 701 1513 1272 1554; baseline 0.018 -12"><span class='ocrx_word' id='word_1_250' title='bbox 701 1513 849 1544; x_wconf 76' lang='lat' dir='ltr'>absolvit.</span> <span class='ocrx_word' id='word_1_251' title='bbox 861 1532 908 1539; x_wconf 80' lang='lat'>—</span> <span class='ocrx_word' id='word_1_252' title='bbox 918 1515 975 1546; x_wconf 79' lang='lat' dir='ltr'>Ad</span> <span class='ocrx_word' id='word_1_253' title='bbox 985 1516 1072 1554; x_wconf 76' lang='lat' dir='ltr'>vina</span> <span class='ocrx_word' id='word_1_254' title='bbox 1084 1519 1168 1551; x_wconf 69' lang='lat' dir='ltr'>redit</span> <span class='ocrx_word' id='word_1_255' title='bbox 1177 1531 1191 1550; x_wconf 91' lang='lat'>.·</span> <span class='ocrx_word' id='word_1_256' title='bbox 1202 1524 1272 1551; x_wconf 60' lang='lat'>570³-</span> 
     </span>
     <span class='ocr_line' id='line_1_55' title="bbox 701 1561 1271 1600; baseline 0.012 -12"><span class='ocrx_word' id='word_1_257' title='bbox 701 1561 858 1600; x_wconf 78' lang='lat' dir='ltr'>pertinam</span> <span class='ocrx_word' id='word_1_258' title='bbox 892 1571 1016 1592; x_wconf 80' lang='lat' dir='ltr'>coenam</span> <span class='ocrx_word' id='word_1_259' title='bbox 1050 1564 1201 1597; x_wconf 70' lang='lat' dir='ltr'>innituit.</span> <span class='ocrx_word' id='word_1_260' title='bbox 1225 1584 1271 1595; x_wconf 46' lang='lat' dir='ltr'>q-</span> 
     </span>
     <span class='ocr_line' id='line_1_56' title="bbox 700 1605 1268 1649; baseline 0.016 -15"><span class='ocrx_word' id='word_1_261' title='bbox 700 1605 819 1636; x_wconf 81' lang='lat' dir='ltr'>Alcerz&#39;s</span> <span class='ocrx_word' id='word_1_262' title='bbox 848 1607 965 1637; x_wconf 80' lang='lat' dir='ltr'>mensis</span> <span class='ocrx_word' id='word_1_263' title='bbox 991 1619 1004 1637; x_wconf 89' lang='lat'>.·</span> <span class='ocrx_word' id='word_1_264' title='bbox 1027 1610 1134 1649; x_wconf 78' lang='lat' dir='ltr'>prima</span> <span class='ocrx_word' id='word_1_265' title='bbox 1160 1620 1268 1643; x_wconf 72' lang='lat' dir='ltr'>mensa</span> 
     </span>
     <span class='ocr_line' id='line_1_57' title="bbox 700 1651 1269 1692; baseline 0.014 -11"><span class='ocrx_word' id='word_1_266' title='bbox 700 1651 916 1692; x_wconf 74' lang='lat' dir='ltr'>appellabatur</span> <span class='ocrx_word' id='word_1_267' title='bbox 949 1652 967 1683; x_wconf 77' lang='grc' dir='ltr'>ἰι</span> <span class='ocrx_word' id='word_1_268' title='bbox 995 1655 1146 1686; x_wconf 71' lang='lat' dir='ltr'>Romanis</span> <span class='ocrx_word' id='word_1_269' title='bbox 1171 1667 1207 1687; x_wconf 78' lang='lat' dir='ltr'>ea</span> <span class='ocrx_word' id='word_1_270' title='bbox 1232 1659 1269 1689; x_wconf 87' lang='lat' dir='ltr'>in</span> 
     </span>
     <span class='ocr_line' id='line_1_58' title="bbox 699 1696 1270 1740; baseline 0.016 -13"><span class='ocrx_word' id='word_1_271' title='bbox 699 1696 763 1738; x_wconf 66' lang='lat' dir='ltr'>quai</span> <span class='ocrx_word' id='word_1_272' title='bbox 780 1698 860 1737; x_wconf 90' lang='lat' dir='ltr'>cibi,</span> <span class='ocrx_word' id='word_1_273' title='bbox 879 1699 976 1729; x_wconf 82' lang='lat' dir='ltr'>altilia</span> <span class='ocrx_word' id='word_1_274' title='bbox 990 1701 1209 1740; x_wconf 66' lang='lat' dir='ltr'>ponebantur-3</span> <span class='ocrx_word' id='word_1_275' title='bbox 1221 1714 1270 1735; x_wconf 79' lang='lat' dir='ltr'>se-</span> 
     </span>
     <span class='ocr_line' id='line_1_59' title="bbox 699 1743 1268 1790; baseline 0.016 -17"><span class='ocrx_word' id='word_1_276' title='bbox 699 1743 805 1774; x_wconf 81' lang='lat' dir='ltr'>cunda</span> <span class='ocrx_word' id='word_1_277' title='bbox 815 1767 824 1782; x_wconf 96' lang='lat'>,</span> <span class='ocrx_word' id='word_1_278' title='bbox 841 1745 891 1775; x_wconf 89' lang='lat' dir='ltr'>vel</span> <span class='ocrx_word' id='word_1_279' title='bbox 903 1746 1020 1783; x_wconf 70' lang='lat' dir='ltr'>altera,</span> <span class='ocrx_word' id='word_1_280' title='bbox 1034 1757 1105 1787; x_wconf 73' lang='lat' dir='ltr'>quae</span> <span class='ocrx_word' id='word_1_281' title='bbox 1117 1750 1223 1790; x_wconf 76' lang='lat' dir='ltr'>pomis</span> <span class='ocrx_word' id='word_1_282' title='bbox 1235 1758 1268 1782; x_wconf 79' lang='lat' dir='ltr'>et</span> 
     </span>
     <span class='ocr_line' id='line_1_60' title="bbox 697 1789 1267 1827; baseline 0.016 -8"><span class='ocrx_word' id='word_1_283' title='bbox 697 1789 834 1820; x_wconf 80' lang='lat' dir='ltr'>bellariis</span> <span class='ocrx_word' id='word_1_284' title='bbox 848 1792 1004 1822; x_wconf 81' lang='lat' dir='ltr'>instructa</span> <span class='ocrx_word' id='word_1_285' title='bbox 1017 1801 1094 1824; x_wconf 79' lang='lat' dir='ltr'>erat.</span> <span class='ocrx_word' id='word_1_286' title='bbox 1109 1796 1147 1825; x_wconf 86' lang='lat' dir='ltr'>In</span> <span class='ocrx_word' id='word_1_287' title='bbox 1162 1795 1198 1826; x_wconf 58' lang='lat' dir='ltr'>ea</span> <span class='ocrx_word' id='word_1_288' title='bbox 1211 1807 1267 1827; x_wconf 78' lang='lat' dir='ltr'>au-</span> 
     </span>
     <span class='ocr_line' id='line_1_61' title="bbox 696 1835 1268 1878; baseline 0.016 -13"><span class='ocrx_word' id='word_1_289' title='bbox 696 1835 760 1866; x_wconf 71' lang='lat' dir='ltr'>tem</span> <span class='ocrx_word' id='word_1_290' title='bbox 795 1847 895 1867; x_wconf 85' lang='lat' dir='ltr'>coeuae</span> <span class='ocrx_word' id='word_1_291' title='bbox 925 1844 1028 1878; x_wconf 81' lang='lat' dir='ltr'>parte,</span> <span class='ocrx_word' id='word_1_292' title='bbox 1051 1839 1188 1872; x_wconf 71' lang='lat' dir='ltr'>deorum</span> <span class='ocrx_word' id='word_1_293' title='bbox 1214 1844 1268 1873; x_wconf 79' lang='lat' dir='ltr'>La-</span> 
     </span>
     <span class='ocr_line' id='line_1_62' title="bbox 697 1882 1266 1928; baseline 0.014 -17"><span class='ocrx_word' id='word_1_294' title='bbox 697 1882 781 1912; x_wconf 89' lang='lat' dir='ltr'>rium</span> <span class='ocrx_word' id='word_1_295' title='bbox 807 1883 873 1913; x_wconf 66' lang='lat' dir='ltr'>sive</span> <span class='ocrx_word' id='word_1_296' title='bbox 897 1883 1082 1915; x_wconf 67' lang='lat' dir='ltr'>tutela-inm</span> <span class='ocrx_word' id='word_1_297' title='bbox 1113 1887 1266 1928; x_wconf 70' lang='lat' dir='ltr'>imagines</span> 
     </span>
     <span class='ocr_line' id='line_1_63' title="bbox 697 1927 1263 1971; baseline 0.014 -14"><span class='ocrx_word' id='word_1_298' title='bbox 697 1927 831 1958; x_wconf 79' lang='lat' dir='ltr'>floribus</span> <span class='ocrx_word' id='word_1_299' title='bbox 850 1936 1008 1962; x_wconf 68' lang='lat' dir='ltr'>coronatae</span> <span class='ocrx_word' id='word_1_300' title='bbox 1032 1931 1263 1971; x_wconf 71' lang='lat' dir='ltr'>afferebantur,</span> 
     </span>
     <span class='ocr_line' id='line_1_64' title="bbox 698 1975 1263 2010; baseline 0.011 -6"><span class='ocrx_word' id='word_1_301' title='bbox 698 1975 811 2004; x_wconf 77' lang='lat' dir='ltr'>vinum</span> <span class='ocrx_word' id='word_1_302' title='bbox 831 1976 866 2005; x_wconf 88' lang='lat' dir='ltr'>in</span> <span class='ocrx_word' id='word_1_303' title='bbox 889 1986 1000 2006; x_wconf 85' lang='lat' dir='ltr'>eorum</span> <span class='ocrx_word' id='word_1_304' title='bbox 1018 1976 1173 2008; x_wconf 76' lang='lat' dir='ltr'>honorum</span> <span class='ocrx_word' id='word_1_305' title='bbox 1188 1979 1263 2010; x_wconf 82' lang='lat' dir='ltr'>fun·</span> 
     </span>
     <span class='ocr_line' id='line_1_65' title="bbox 698 2019 1261 2063; baseline 0.012 -14"><span class='ocrx_word' id='word_1_306' title='bbox 698 2019 832 2051; x_wconf 85' lang='lat' dir='ltr'>debatur</span> <span class='ocrx_word' id='word_1_307' title='bbox 839 2044 848 2059; x_wconf 94' lang='lat'>‚</span> <span class='ocrx_word' id='word_1_308' title='bbox 859 2029 970 2052; x_wconf 75' lang='lat' dir='ltr'>cantus</span> <span class='ocrx_word' id='word_1_309' title='bbox 981 2023 1172 2055; x_wconf 74' lang='lat' dir='ltr'>reson-hant</span> <span class='ocrx_word' id='word_1_310' title='bbox 1180 2047 1191 2063; x_wconf 91' lang='lat'><em>‚</em></span> <span class='ocrx_word' id='word_1_311' title='bbox 1200 2033 1261 2057; x_wconf 84' lang='lat' dir='ltr'>etc.</span> 
     </span>
     <span class='ocr_line' id='line_1_66' title="bbox 696 2066 1261 2110; baseline 0.012 -14"><span class='ocrx_word' id='word_1_312' title='bbox 696 2067 835 2108; x_wconf 78' lang='lat' dir='ltr'>Augusti</span> <span class='ocrx_word' id='word_1_313' title='bbox 857 2066 956 2109; x_wconf 75' lang='lat' dir='ltr'>igitur</span> <span class='ocrx_word' id='word_1_314' title='bbox 979 2067 1115 2110; x_wconf 82' lang='lat' dir='ltr'>effigiem</span> <span class='ocrx_word' id='word_1_315' title='bbox 1134 2078 1261 2102; x_wconf 65' lang='lat' dir='ltr'>camo-</span> 
     </span>
     <span class='ocr_line' id='line_1_67' title="bbox 693 2113 1263 2149; baseline 0.012 -7"><span class='ocrx_word' id='word_1_316' title='bbox 693 2122 766 2142; x_wconf 90' lang='lat' dir='ltr'>rum</span> <span class='ocrx_word' id='word_1_317' title='bbox 795 2113 930 2143; x_wconf 82' lang='lat' dir='ltr'>deorum</span> <span class='ocrx_word' id='word_1_318' title='bbox 955 2116 1066 2144; x_wconf 70' lang='lat' dir='ltr'>statuis</span> <span class='ocrx_word' id='word_1_319' title='bbox 1092 2117 1263 2149; x_wconf 72' lang='lat' dir='ltr'>immisceri</span> 
     </span>
     <span class='ocr_line' id='line_1_68' title="bbox 692 2159 1260 2201; baseline 0.012 -13"><span class='ocrx_word' id='word_1_320' title='bbox 692 2159 816 2189; x_wconf 78' lang='lat' dir='ltr'>solitam</span> <span class='ocrx_word' id='word_1_321' title='bbox 843 2160 938 2190; x_wconf 81' lang='lat' dir='ltr'>fuisse</span> <span class='ocrx_word' id='word_1_322' title='bbox 961 2161 1071 2191; x_wconf 85' lang='lat' dir='ltr'>innuit</span> <span class='ocrx_word' id='word_1_323' title='bbox 1089 2163 1260 2201; x_wconf 69' lang='lat' dir='ltr'>Horatius,</span> 
     </span>
     <span class='ocr_line' id='line_1_69' title="bbox 691 2205 1262 2251; baseline 0.011 -16"><span class='ocrx_word' id='word_1_324' title='bbox 691 2212 722 2235; x_wconf 83' lang='lat' dir='ltr'>et</span> <span class='ocrx_word' id='word_1_325' title='bbox 765 2215 859 2236; x_wconf 84' lang='lat' dir='ltr'>sensu</span> <span class='ocrx_word' id='word_1_326' title='bbox 893 2205 1027 2247; x_wconf 83' lang='lat' dir='ltr'>physico</span> <span class='ocrx_word' id='word_1_327' title='bbox 1057 2209 1262 2251; x_wconf 70' lang='lat' dir='ltr'>intelligenda</span> 
     </span>
    </p>
   </div>
  </div>
 </body>
</html>
