1422 2528
536 117 616 152 LIB.
641 118 688 149 IV
707 117 804 149 *ODE
829 118 889 149 VI.
1277 117 1315 147 31

211 174 412 214 Vindicem
427 174 570 227 linguae
580 203 595 226 ‚
611 174 825 226 Tityosque
847 183 983 226 raptor

210 237 358 283 Sensit,
374 244 412 274 et
427 236 554 287 Trojae
572 227 697 288 p‘rope
711 235 839 277 victor
858 235 943 274 altae

423 295 585 335 Phthius
597 296 768 335 Achilles
777 328 788 343 ,
901 292 924 311 '

211 358 369 395 Caeteris
382 358 521 409 major,
534 357 608 396 tibi
619 357 730 396 miles
744 358 871 409 impar
889 365 903 379 ²
915 373 926 404 ;

206 417 328 466 ,Filius
343 416 521 469 quamvis
535 418 711 457 Thetidis
731 419 890 456 marinae

213 479 412 521 Dardanas
430 488 556 518 turres
573 488 755 531 quateret
775 479 975 519 tremenda

427 541 598 593 Cuspide
618 554 787 593 pugnax.

211 602 302 650 Ille,
324 603 498 641 mordaci
515 604 622 641 velut
644 603 721 641 icta
740 603 845 641 ferro

211 663 344 711 Pinus,
365 671 432 701 aut
451 664 617 715 impulsa
636 677 842 716 cupressus
862 666 989 712 Euro,

210 723 381 762 Procidit
401 724 474 761 late
492 722 526 772 3,
548 725 758 776 posuitque
775 725 918 763 collum
935 724 976 762 in

426 785 590 823 Pulvere
604 788 769 824 Teucro.

107 972 267 1015 periatur,
310 969 350 1000 ad
390 969 480 1012 quod
517 972 686 1002 vocativus

107 1020 166 1050 iste
191 1017 303 1049 referri
331 1023 443 1059 queat;
459 1017 604 1049 Dauniae
632 1018 686 1049 de-

108 1065 202 1097 fende
214 1065 311 1096 decus
329 1064 500 1102 Camenae,
519 1075 590 1106 quae
609 1065 687 1096 dila-

109 1106 155 1145 tio
166 1111 416 1155 reprehensione
424 1112 508 1142 certe
521 1112 617 1154 digna
628 1120 686 1144 est.

107 1161 120 1204 (
136 1160 215 1192 Vid.
235 1158 333 1201 supra
356 1159 623 1203 Argumentum.)
640 1178 688 1183 —

115 1209 217 1250 Quem
238 1206 349 1250 prole-5
374 1207 504 1238 Niobea
520 1218 531 1238 .-
560 1207 685 1246 Niobe,

108 1255 237 1288 Tantali
266 1253 356 1293 filia,
383 1254 460 1286 cum
492 1254 686 1293 duodecim,

108 1310 164 1335 am
173 1303 284 1345 plures
292 1301 400 1340 etiam,
411 1303 544 1335 haberet
555 1302 687 1342 liberos,

108 1350 302 1392 contempsit
322 1352 476 1382 Latonam
487 1373 496 1389 ‚
512 1361 585 1392 quae
606 1351 689 1382 duo-

107 1409 181 1431 rum
221 1397 383 1430 duntaxat
433 1409 550 1440 parens
592 1398 688 1430 foret.

109 1445 230 1488 Apollo
261 1451 294 1476 et
316 1445 419 1476 Diana
446 1445 567 1476 illatam
594 1446 690 1476 matri

108 1503 175 1525 suae
198 1493 354 1532 injuriam
391 1491 435 1522 ita
464 1490 686 1530 vindicarunt,

107 1546 147 1570 ut
169 1539 240 1571 haec
258 1537 341 1570 filias
362 1539 500 1577 Niobes,
514 1539 636 1580 Apollo
651 1539 687 1570 fl-

106 1587 169 1618 lios
208 1585 417 1621 interfecerit.
460 1588 603 1618 Jnvtnc.
622 1587 623 1592 ’
640 1605 687 1610 —

109 1635 244 1676 Magnoe
267 1632 437 1664 vindicem
464 1633 586 1676 linguae
600 1645 612 1664 .·
637 1645 689 1665 su-

107 1681 219 1724 perbae
231 1675 328 1712 nimis
339 1681 512 1720 jactantiae.
526 1681 603 1713 Vid.
617 1688 687 1713 not.

109 1728 250 1772 praeoed.
282 1726 334 1758 Sic
366 1727 406 1758 de
437 1726 549 1759 eadem
581 1728 688 1760 Niobe

110 1775 208 1808 Ovid.
231 1777 365 1807 Metam.
388 1776 453 1813 VI,
486 1776 549 1807 150
582 1785 592 1807 :
617 1777 688 1807 Neo

110 1831 220 1855 tamen
244 1821 416 1855 admonita
436 1830 544 1855 esem..
568 1822 688 1854 Cedere

113 1870 295 1906 Coelieibus.
317 1869 490 1911 verbisque
506 1870 687 1903 minoribus

111 1917 167 1950 uti.
188 1936 234 1941 —
255 1917 365 1957 Tityos
390 1928 402 1947 :
424 1918 523 1959 graeci
539 1918 687 1950 nomina-

112 1966 171 1997 tivi
190 1966 294 1997 exitu.
317 1966 366 1996 De
383 1965 482 2007 Tityo
506 1963 574 1997 vid.
589 1964 687 2007 snpra

111 2011 176 2045 Od-
209 2015 264 2050 11,
298 2017 356 2050 14,
376 2023 396 2052 9
414 2019 446 2042 et
462 2019 575 2044 notam
597 2013 634 2050 3,
654 2014 689 2043 in

111 2058 189 2094 fine.
198 2077 247 2084 —-
259 2058 469 2101 Trojaepmpe
477 2059 585 2090 victor
592 2060 669 2091 alcae
678 2070 689 2090 .·

110 2108 251 2139 Hectore
262 2106 451 2144 interfecto,
465 2107 524 2148 qui
535 2117 622 2138 unus
636 2115 690 2138 tu-

112 2155 269 2186 tissimum
283 2154 390 2193 Trojae
405 2154 690 2196 propugnaculum

111 2199 302 2233 habebatur.
311 2219 359 2225 —-
369 2200 502 2232 Phthius
523 2201 668 2233 Achilles
680 2214 690 2233 .-

113 2248 132 2279 ὲ
142 2248 268 2287 Phthia,
282 2249 454 2280 Thaesaliae
470 2248 569 2290 urbe,
583 2251 694 2282 oriun-

740 971 820 1010 dus,
834 971 891 1002 cni
902 970 1128 1011 infestissimus
1145 977 1212 1002 erat
1225 971 1326 1013 Apol-

740 1019 792 1056 lo,
811 1018 902 1059 quod
921 1018 962 1048 ab
977 1028 1015 1048 eo
1031 1017 1139 1049 verbis
1155 1026 1325 1050 contume-

740 1066 829 1097 liosis
839 1066 1006 1096 lacessitus
1017 1066 1132 1097 fuerat.
1141 1065 1216 1097 Vid.
1227 1068 1324 1098 Hom.

742 1112 835 1144 Iliad.
849 1115 931 1149 XX,
954 1114 994 1143 15
1005 1136 1013 1151 ‚
1030 1113 1088 1143 ubi
1102 1112 1239 1144 deorum
1254 1125 1325 1155 per-

741 1161 992 1198 niciosissimus,
1005 1158 1185 1197 ὀλοώτατος
1195 1184 1204 1200 ,
1217 1161 1324 1203 appel-

740 1208 838 1240 latur.

789 1266 822 1288 2.
857 1254 989 1286 Caeteris
1015 1254 1132 1297 major,
1151 1254 1212 1286 cibi
1231 1255 1326 1287 miles

741 1301 849 1344 impar
870 1313 882 1333 :
902 1303 1090 1344 Apollinem
1118 1304 1157 1334 eo
1178 1303 1328 1345 magnifl-

744 1349 871 1381 centius
888 1350 1017 1389 laudat,
1028 1351 1095 1392 qno
1114 1349 1210 1381 altius
1225 1351 1325 1382 virtu-

743 1403 808 1428 tem
824 1397 962 1428 Achillis
977 1397 1018 1428 ab
1034 1408 1072 1428 eo
1089 1398 1161 1429 solo
1177 1398 1258 1428 victi
1271 1409 1328 1430 ex·

744 1445 838 1484 tollit.
857 1462 906 1469 ——
923 1444 1023 1475 Filius
1045 1443 1192 1486 quamvis
1223 1444 1329 1477 Theti-

744 1491 794 1522 dis
826 1488 838 1522 ἐ
869 1491 1035 1533 duplicem
1070 1490 1140 1522 tum
1167 1492 1186 1523 ὁ
1214 1491 1326 1524 divina

746 1539 881 1570 Achillis
903 1540 1047 1581 origine,
1068 1537 1139 1570 tum
1155 1540 1172 1571 ὲ
1194 1541 1327 1582 propria

747 1587 869 1617 virtute
889 1586 1018 1616 landem
1034 1587 1136 1626 eruit,
1151 1587 1241 1618 unde
1257 1598 1325 1618 ma·

745 1634 798 1673 jor
819 1633 970 1675 Apollini
985 1634 1101 1665 victori
1118 1634 1220 1676 gloria
1237 1645 1324 1667 acce-

742 1680 802 1711 dit.
818 1698 866 1705 -—·
885 1682 913 1711 T
911 1678 1068 1711 remendd
1083 1681 1217 1723 cuspide
1227 1693 1240 1712 .-
1255 1679 1323 1715 vi'd.

741 1727 899 1759 Achilleae
923 1729 1044 1759 lanceae
1072 1728 1324 1770 descriptionem

741 1775 830 1817 apud
853 1777 988 1807 Homer.
1010 1775 1102 1808 Iliad.
1123 1778 1224 1815 XIX,
1241 1777 1321 1809 388.

791 1823 823 1854 3.
840 1822 985 1853 Procidz'c
1000 1823 1068 1853 late}
1081 1834 1093 1853 .·
1112 1822 1205 1855 Κεῖσο
1219 1823 1322 1870 μέγας

740 1867 938 1915 μεγαλωστί.
956 1872 1098 1907 Homer.
1107 1870 1171 1902 Od.
1187 1873 1303 1904 xxlv
1311 1896 1320 1910 ,

743 1923 797 1954 4ο.
826 1917 970 1949 Achilles
1004 1918 1181 1960 Polyxenae
1213 1929 1322 1951 amore

742 1971 870 2006 captus,
887 1966 924 1995 in
937 1965 1103 2006 Apollinis
1117 1966 1276 2008 templum
1289 1977 1323 1998 se

744 2012 884 2047 contulit
890 2035 902 2050 ,
919 2011 960 2043 de
972 2013 1175 2054 nuptiarum,
1190 2021 1228 2044 ut
1243 2015 1324 2056 exis-

743 2059 895 2098 timabat,
914 2059 1159 2091 conditionibus
1177 2068 1323 2093 acturus.

743 2107 794 2137 Ibi
814 2106 831 2137 a
847 2106 978 2144 Paride,
992 2108 1050 2148 qui
1072 2107 1146 2148 post
1159 2108 1325 2149 Apollinis

742 2154 952 2185 simulacrum
965 2155 1084 2186 latebat
1092 2177 1101 2193 ,
1113 2155 1227 2196 sagitta
1239 2157 1325 2186 ictus

746 2202 837 2232 estin
850 2201 961 2244 planta
975 2202 1083 2244 pedis,
1099 2201 1163 2244 qua
1177 2202 1244 2233 sola
1255 2212 1326 2232 cor-

745 2250 834 2291 porIs
859 2256 950 2291 parte
986 2257 1113 2292 poterat
1143 2250 1325 2288 vulnerari,
