1422 2528
209 0 243 45 esi.

449 131 632 165 CARMEN
660 130 908 163 SIECULARE.

1225 128 1286 158 1431

181 194 300 233 Orbis
314 202 357 232 ut
375 202 511 232 cantus
530 190 752 242 referatque
771 191 882 229 ludos
899 191 934 239 4,

181 257 258 293 Ter
270 255 333 293 die
349 255 474 302 claro,
494 255 687 304 totiesque
708 253 816 303 grata

395 318 518 355 Nocte
535 315 768 365 frequentes,

182 380 359 428 Vosque,
379 390 536 415 veraces
552 376 753 423 cecinisse,
776 378 925 421 Parcae,
1262 384 1293 408 23

185 437 302 484 Quod
320 438 436 476 semel
450 438 598 475 dictum
616 445 673 474 est
690 435 724 483 ⁵,
739 434 967 485 stabilisque
985 447 1117 473 rerum

182 499 385 538 Terminus
404 507 554 546 servat,
572 498 676 535 bona
687 498 767 548 jem
787 497 952 547 peractis

397 563 419 597 J
423 559 552 610 ungite
570 559 662 596 fata,

185 621 339 660 Fertilis
355 621 510 672 frugum
531 619 762 672 pecorisque
780 619 894 659 tellus

185 683 323 733 Spicea
339 681 458 720 donet
473 684 654 720 Cererem
666 682 828 728 coronz⁸13
1265 691 1296 716 30

185 744 371 782 Nutriant
390 744 504 782 soetus
525 753 563 782 et
583 756 693 794 aquae
713 743 907 791 salubres,

399 808 447 843 Et
465 805 574 844 Jovis
590 817 694 842 aurae
711 804 737 842 ⁶.

185 868 356 906 Condito
371 867 475 905 mitis
494 866 745 918 placidusque
769 867 845 905 telo
865 874 895 915 7,

83 1039 349 1078 restituebantur,
365 1051 526 1081 quamque
541 1039 665 1070 idcirco

83 1087 186 1130 prolis
200 1098 290 1118 novoe
289 1087 440 1130 feracem
454 1088 570 1118 merito
581 1098 664 1117 nun-

86 1143 184 1177 cupat
207 1141 314 1176 poeta.
331 1135 529 1177 Conjugium
555 1134 641 1165 enirn
654 1157 662 1172 ,

86 1189 166 1214 teste
197 1183 370 1221 Cicerone,
413 1183 512 1213 Urbis
545 1183 666 1223 princi-

87 1231 179 1272 pium
200 1236 233 1260 ct
255 1231 348 1272 quasi
372 1230 582 1260 seminarium
609 1230 667 1259 rei-

89 1277 227 1319 publicae
239 1277 430 1319 appellatur.

121 1328 171 1362 ¹4.
200 1324 310 1356 Cereus
325 1324 469 1355 undenos
488 1322 593 1354 decii-s
602 1323 671 1364 ‘per

91 1382 199 1403 annos
217 1371 308 1402 Orbis
328 1380 364 1402 uc
388 1379 502 1402 cantus
530 1372 667 1412 referat-

91 1429 155 1462 que
175 1419 268 1450 Indos
291 1430 303 1449 .·
324 1418 533 1461 intelligenda
558 1419 670 1461 praeci-

91 1466 174 1508 pue,
202 1466 243 1497 ad
268 1465 380 1497 sensus
408 1467 667 1502 connexionem,

93 1513 284 1553 conjunctio
307 1513 382 1551 illa,
409 1521 464 1550 ιιι,·
485 1513 578 1555 quasi
596 1513 672 1543 cho-

94 1571 150 1591 rus
169 1560 292 1592 diceret
310 1571 318 1592 :
342 1559 409 1592 Gur
424 1571 520 1603 opem
538 1561 672 1591 Lucinae

94 1609 320 1640 invocavimus
347 1608 389 1638 ad
427 1607 672 1650 producendam

95 1665 303 1686 numerosam
317 1656 438 1686 civium
452 1658 675 1686 Romanorum

97 1701 361 1733 multitudinem?
380 1701 502 1733 scilicet
514 1725 522 1740 ,
541 1710 577 1732 ut
601 1705 676 1733 Res-

96 1749 230 1791 publica
259 1751 355 1781 novis
390 1749 492 1791 usque
529 1749 676 1780 auctibus

96 1798 226 1839 vigens,
247 1796 386 1827 decurso
410 1797 521 1827 decem
546 1804 576 1827 et
605 1807 678 1827 cen-

96 1851 167 1875 tum
185 1855 347 1875 annorum
369 1845 491 1886 spatio,
517 1843 679 1874 celebrare

97 1893 199 1933 possit
225 1893 262 1922 in
282 1898 477 1933 perpetuum
501 1890 598 1922 ludos
623 1902 679 1921 sae-

98 1939 239 1982 calates,
258 1938 367 1969 eadem
381 1962 390 1977 ‚
411 1939 438 1969 si
459 1949 527 1969 non
545 1939 674 1978 majori,

100 1987 222 2016 civium
236 1985 419 2028 frequentis
433 1985 616 2017 adornatos.
631 2003 679 2009 ·—

104 2033 167 2064 Ter
187 2032 240 2064 die
269 2033 382 2071 claro,
405 2033 560 2074 toliisque
579 2031 679 2075 gralli

101 2080 206 2111 Nocte
214 2078 414 2123 frequentes
438 2091 448 2110 .·
477 2079 554 2110 hinc
578 2080 680 2122 liquet

102 2127 160 2168 per
175 2134 242 2158 tres
253 2127 321 2158 dies
335 2127 535 2169 totidemque
547 2134 660 2158 noctes
669 2150 678 2166 ,

102 2175 172 2204 sine
206 2173 273 2204 ulle
308 2176 548 2216 interruptione
583 2174 681 2205 ludos

103 2221 177 2252 illos
193 2221 347 2253 celebrari
359 2222 471 2253 solitos
486 2222 593 2253 fuisse.

154 2268 184 2300 5.
203 2269 329 2311 Vosque
337 2293 348 2309 ‚
359 2280 500 2302 veraces
511 2268 677 2307 cecinisse,
693 2267 695 2271 ⁴

719 1043 846 1078 Parcae,
866 1040 964 1082 Quod
974 1041 1077 1072 semel
1087 1039 1209 1072 dictum
1231 1051 1279 1074 est
1292 1054 1303 1073 :

719 1088 802 1119 hanc
828 1095 859 1119 et
877 1095 1066 1129 sequentem
1086 1089 1241 1131 strophen
1264 1089 1304 1121 ab

721 1142 863 1178 utroque
890 1136 991 1167 choro
1020 1143 1179 1167 cantatam
1206 1137 1304 1169 fuisse

720 1183 894 1214 verisimile
910 1190 967 1215 est.
986 1185 1025 1214 In
1038 1183 1126 1215 ludis
1146 1185 1304 1216 saecurari-

721 1229 794 1269 bus,
803 1243 846 1262 ex
854 1230 961 1262 edicto
968 1242 1120 1264 versuum
1130 1232 1306 1274 Sibyllino-

720 1289 795 1308 rum
807 1302 815 1317 ,
831 1277 986 1309 sacrificia
999 1280 1107 1310 Parcis
1121 1279 1305 1311 offereban-

722 1331 788 1357 tur.
804 1327 943 1356 Veraces
957 1337 1076 1357 canere
1086 1350 1096 1363 ,
1112 1326 1146 1358 h.
1161 1338 1190 1358 e.
1206 1327 1240 1357 in
1257 1338 1307 1358 ca-

724 1372 834 1404 nendo
848 1373 937 1415 quod
947 1374 1049 1404 semel
1060 1373 1183 1406 dictum
1196 1381 1262 1411 ese,
1273 1375 1308 1406 id

726 1427 790 1459 est,
819 1431 959 1462 quarum
989 1421 1117 1453 decreta
1139 1421 1309 1464 nunquz‘am

725 1466 861 1506 fallunt,
888 1466 962 1499 cum
983 1468 1066 1500 nihil
1091 1468 1180 1500 aliud
1211 1468 1310 1511 quam

726 1522 877 1545 aeternam
893 1516 964 1546 Fati
982 1516 1184 1547 voluntatem
1201 1518 1309 1559 expri-

727 1569 834 1600 mant3
856 1562 931 1593 idei>
961 1562 1052 1594 addit
1081 1574 1089 1595 :
1120 1563 1308 1606 stabilisque

728 1620 833 1639 rerum
868 1610 1035 1641 Terminus
1071 1619 1190 1648 servat,
1231 1611 1307 1652 quii·

729 1658 754 1687 F
757 1658 801 1686 ati
814 1656 965 1688 voluntas
987 1658 1185 1691 immutabili
1199 1670 1311 1690 rernm

730 1703 844 1734 ordine
880 1704 921 1735 ad
950 1706 1144 1744 terminum,
1171 1706 1238 1737 sive
1271 1706 1314 1737 ad

731 1752 855 1782 exitum
872 1751 1065 1793 praedictum
1076 1775 1085 1790 ‚
1101 1752 1288 1786 adducitur.

781 1799 813 1830 6.
834 1800 880 1829 Et
894 1801 991 1841 aquae
1006 1799 1148 1836 salubres
1165 1802 1212 1831 Ec
1227 1802 1315 1833 Iovis

734 1857 824 1876 aurae
848 1857 859 1876 :
880 1847 1000 1878 imbres
1021 1847 1127 1886 enim,
1149 1847 1248 1879 modo
1268 1851 1317 1880 ni-

731 1894 790 1924 mii
801 1904 869 1924 non
880 1895 958 1932 sint,
976 1894 1109 1925 foetibus
1124 1895 1247 1926 alendis
1262 1907 1317 1928 ne-

732 1941 878 1979 cessarii,
895 1940 969 1972 cum
985 1953 1027 1972 ex
1048 1941 1113 1972 illis
1137 1951 1313 1975 nascantur

732 1987 843 2019 herbae
856 1988 977 2030 quibus
987 1999 1107 2031 pecora
1121 1998 1313 2032 vescuntur,

734 2042 766 2065 et
789 2035 975 2077 impediunt
994 2035 1170 2077 quominus
1188 2045 1314 2070 arentes

733 2081 828 2113 fluvii
854 2084 890 2113 in
915 2083 1090 2124 paludosus
1115 2086 1314 2117 mortiferas·

734 2139 798 2171 que
811 2141 909 2172 aquas
927 2129 1087 2164 desinant.

784 2188 815 2216 7.
846 2177 982 2209 Condito
1001 2178 1088 2210 micis
1096 2177 1315 2224 placidusque

734 2223 823 2255 telo:
848 2225 923 2255 vide
943 2225 1060 2267 snprai,
1081 2226 1144 2258 od.
1169 2222 1220 2265 11,
1251 2238 1312 2265 10,

740 2281 780 2314 19
800 2279 832 2303 et
850 2282 908 2312 20,
933 2283 1038 2316 neque
1061 2274 1189 2316 semper
1204 2284 1316 2305 arcum

1126 2343 1142 2366 1
1151 2327 1192 2374 ᾖ»
