1404 2522
740 113 816 176 viij

186 197 412 238 cessarium
437 197 690 255 factum2ad
709 212 895 239 summos
924 197 1110 239 honores
1140 197 1370 239 extulisset.

185 263 364 316 Quantis
391 265 502 304 enim
523 263 732 317 motibus,
757 264 914 319 quanta
940 264 1172 306 multorum
1198 263 1372 327 cuqin-

185 327 317 381 vidia,
353 330 595 386 quantaque
620 328 864 386 reipublicae
903 339 1151 386 tempestate
1179 330 1230 370 εὸ
1267 343 1373 385 pro-

184 403 329 433 vectus
360 394 436 447 sit,
462 405 623 435 norunt
648 394 721 450 qui
739 395 987 436 Ciceronem
1011 395 1190 452 ejusque
1211 392 1376 434 tristem

187 459 346 500 exitum
361 461 459 501 satis
475 463 665 516 unquam
681 460 988 517 expenderunt.
1037 470 1042 475 '

245 525 374 579 Quod
385 528 486 567 verb
497 525 669 566 Flaccus
679 525 731 566 de
743 524 894 565 fronde
905 524 1379 582 apalumbibusingesta

187 587 338 643 eferat,
359 592 573 648 poeticum
602 590 833 646 fictumque
862 604 952 630 esse
970 589 1224 646 auspicium,
1242 592 1378 645 eoque

186 654 369 712 Augusti
386 656 628 714 praesidium
646 656 904 711 tutelamque
924 654 1167 712 significari,
1184 654 1282 695 cum
1301 654 1381 694 Ve-

186 721 518 778 neris'genitricis
532 738 627 765 aves
641 723 717 763 illae
732 722 888 763 fuerint
898 753 909 774 ‚
926 721 1058 763 cuivis
1072 722 1170 763 satis
1184 730 1379 763 constare
1396 717 1398 723 ⁵

187 786 391 829 existimo.
400 787 514 842 Quid
526 787 652 845 ergo?
667 785 886 843 Numquid
900 787 1040 827 bonus
1047 797 1166 844 pater
1175 785 1378 843 pecunias

186 851 299 912 ut-in
324 854 556 894 Junonium
571 867 753 910 puerum
765 853 922 904 jactare
937 852 1122 894 voluisse
1141 850 1380 893 censendus

188 913 268 971 est,
284 929 327 960 et
342 920 536 961 Herculis
554 920 790 961 cothurnos
810 934 945 976 puero
963 929 1107 976 aptare
1119 931 1381 974 ‚omnesque

186 982 366 1027 induere
388 986 629 1038 facultates,
658 985 734 1026 ubi
759 1000 846 1026 non
869 985 975 1025 nihil
995 985 1120 1026 bonae
1145 985 1236 1041 spei
1259 983 1305 1023 in
1330 997 1381 1024 eo

187 1052 447 1109 apparebat?
465 1051 662 1104 Minime,
682 1051 868 1103 minime,
888 1049 1134 1101 Auditores‚
1151 1059 1225 1090 aut
1242 1047 1381 1090 Flacci

187 1128 308 1174 pater
324 1121 410 1159 tarn
437 1117 590 1159 stultus
610 1117 707 1169 suit,
733 1127 806 1158 aut
827 1116 990 1156 incerto
1010 1115 1118 1156 adeo
1143 1114 1286 1156 omine
1310 1113 1380 1155 fu-

186 1193 293 1224 turae
313 1183 386 1224 filii
405 1183 592 1226 felicitati
616 1181 852 1240 praeludere
877 1182 1023 1223 voluit.
1041 1180 1173 1222 Aliud
1188 1178 1292 1236 quid
1307 1194 1380 1237 ge-

189 1264 390 1294 nerosum
415 1251 598 1308 agitabat
625 1250 836 1301 animum,
856 1259 906 1289 ut
929 1247 1063 1289 filium
1083 1261 1127 1288 se
1151 1246 1383 1288 feliciorem

190 1315 293 1357 olim
327 1315 537 1358 redderet.
573 1317 848 1374 perspexerat
880 1315 1011 1361 homo
1040 1327 1165 1371 sagax
1194 1312 1380 1370 egregias

192 1381 396 1437 quasdam
419 1382 650 1438 insitasque
667 1382 795 1422 animi
813 1381 940 1433 vires,
957 1380 1148 1435 rectique
1163 1377 1325 1419 cultum
1341 1385 1383 1417 et

192 1446 356 1500 decori,
380 1447 574 1489 doctrina
592 1447 762 1488 excitari
778 1452 825 1487 ac
851 1445 1118 1503 promoveri3
1139 1442 1384 1484 observarat

191 1513 255 1554 vir
269 1512 459 1569 diligens,
473 1514 639 1554 virtutis
658 1512 956 1568 sapientiaeque
970 1508 1281 1566 possessionem
1297 1520 1379 1547 ma-

196 1577 328 1618 ximas
352 1592 442 1618 esse
461 1576 796 1632 certissimasque
818 1574 1002 1627 divitias,
1024 1576 1162 1630 eoque
1175 1571 1383 1615 liberalis-

195 1642 342 1684 simam
374 1643 801 1699 honestissimamque
829 1640 1125 1682 educationem
1153 1637 1382 1679 maximum

144 1714 146 1716 ’
195 1707 360 1750 adferre
375 1707 679 1760 adjumentum.
699 1707 754 1748 Et
769 1705 887 1763 quod
901 1716 1002 1747 voto
1021 1704 1195 1761 speique
1210 1715 1386 1758 respon·

198 1774 367 1817 dentem
399 1785 595 1831 expertus
626 1774 679 1815 sit
704 1771 837 1813 filium
863 1771 1060 1829 praesumi
1085 1777 1245 1826 potest,
1286 1766 1384 1808 cum

196 1842 425 1893 majoribus
445 1854 618 1897 quoque
637 1838 844 1881 sumtibus
864 1838 1054 1878 Athenas
1073 1849 1170 1876 eum
1185 1833 1384 1875 mitteret.

255 1907 306 1947 In
328 1906 400 1947 illo
431 1905 703 1957 celeberrimo
739 1903 950 1962 sapientiae
978 1901 1168 1959 emporio
1183 1907 1216 1954 ¹,
1235 1898 1387 1940 durata

199 1972 298 2013 satis
325 1982 464 2026 aetate,
486 1970 687 2027 domique
704 1969 900 2027 exemplis
919 1979 961 2010 et
975 1966 1159 2026 paternis
1183 1964 1386 2007 monitio-

199 2039 325 2080 nibus
340 2053 428 2080 non
443 2038 591 2080 leviter
605 2037 812 2079 instructo
821 2034 996 2089 juvenili
1010 2034 1150 2076 animo
1160 2063 1172 2087 ,
1186 2030 1283 2074 cum
1297 2030 1387 2072 sine

250 2199 260 2215 ¹
280 2192 322 2222 V.
338 2197 395 2221 sat.
413 2195 431 2226 4
446 2195 478 2220 et
493 2189 512 2220 6
529 2189 585 2220 lib.
600 2191 615 2219 I
626 2199 634 2227 ;
647 2188 704 2220 lib.
719 2190 751 2219 11
769 2188 860 2230 epist.
878 2198 909 2219 2.
