1422 2528
529 146 608 178 Lm.
633 146 650 177 1
675 141 836 177 SATmA
859 140 923 172 111.

1270 138 1334 169 205

119 208 356 252 Comminxit
373 207 516 246 lectum
533 199 648 258 potus
659 232 669 252 ,
688 204 867 242 mensave
887 199 1060 238 catillum
1302 216 1335 242 90

120 267 292 312 Evandri
309 267 488 308 manibus
509 267 670 304 tritum
679 263 872 315 Sdejeciu
889 261 939 299 ob
954 260 1054 298 hanc
1074 272 1177 308 rem,

123 337 201 372 Aut
216 330 384 383 positum
399 329 487 366 ante
504 340 588 364 mea
603 325 694 376 quia
713 322 892 376 pullum
882 336 922 359 m
942 329 1051 373 parte
1068 320 1186 359 catini
1234 326 1241 333 '

122 393 286 435 Sustulit
308 391 501 436 esuriens,
518 388 644 425 minus
665 387 740 424 hoc
751 382 948 437 jucundus
962 382 1107 420 amicus

123 454 182 494 Sit
198 452 319 491 mihi?
340 450 445 499 Quid
466 449 623 494 faciam,
639 447 671 484 si
690 446 835 484 furtum
851 443 1008 481 fecerit?
1029 452 1096 481 aut
1117 442 1149 480 si

122 510 559 552 Prodideriteommissa
580 507 668 555 fide,
688 517 922 558 sponsumve
940 504 1114 554 negarit?
1303 513 1337 545 9⁵

124 573 222 624 Quis
243 573 352 625 paria
367 585 448 610 esse
469 571 548 608 fere.
566 569 711 620 piacuit
730 574 907 619 peccata,
924 564 1122 610 laborant,

125 637 224 674 Gom
238 641 398 672 ventum
414 632 463 670 ad
478 644 615 668 verum
632 638 707 676 est;
728 640 861 666 sensus
882 638 1086 676 moresque
1102 632 1336 676 repugnant,

125 699 254 748 Atque
273 696 358 747 ipsa
375 694 539 739 utilitas,
554 692 651 743 justi
673 691 796 742 prope
813 696 936 726 mater
951 696 990 725 et
1009 687 1123 737 aequi.

179 759 278 796 Cum
292 762 571 808 prorepserunt
591 753 726 804 primis
743 750 922 789 animalia
942 749 1055 787 terris
1072 748 1112 795 ¹4,

126 821 281 858 Mutum
299 827 338 856 et
354 827 471 869 turpe
486 829 618 867 pecus,
631 813 808 866 glandem
822 821 938 864 atque
950 810 1093 849 cubilia
1106 812 1280 863 propter,
1294 828 1343 845 loo

123 988 205 1022 lesia
226 989 452 1021 narrationum
472 988 605 1019 anilium
631 988 709 1018 reci-

102 1075 105 1077 >
125 1038 247 1071 tatione
262 1036 336 1068 vide
346 1036 478 1067 ultimos
495 1046 607 1065 versus
619 1034 709 1065 Artis

125 1085 277 1127 poeticae;
298 1083 357 1114 ubi
377 1083 533 1114 molestus
556 1082 709 1112 recitator

124 1131 294 1163 hominem
306 1137 426 1176 ‘tenere
446 1129 584 1172 legendo
605 1136 637 1159 et
653 1139 709 1159 oc-

126 1178 233 1210 cidere
246 1178 378 1209 dicitur.

177 1226 232 1258 13.
253 1223 409 1257 Catillum
436 1223 588 1254 Evandri
605 1222 710 1254 mani-

127 1271 186 1303 bus
196 1272 304 1304 tritum
317 1283 329 1303 .·
338 1282 476 1326 parvum
491 1272 632 1302 catinum
642 1269 711 1312 ipsa

128 1321 321 1362 antiquitate
329 1319 566 1362 pretiosiorem.
569 1336 616 1342 —-
622 1318 712 1348 Com-

129 1365 230 1398 missa
241 1366 315 1412 fide
335 1365 446 1410 fide,
463 1376 541 1406 pro,
550 1365 657 1409 fidei,
675 1372 713 1396 ut

131 1413 219 1456 apud
235 1413 431 1456 Virgilium,
454 1412 525 1449 die,
548 1423 609 1454 pro
626 1411 709 1449 ἅιεὶ,

130 1467 164 1492 et
179 1459 268 1504 apud
286 1460 489 1498 Sallustium,
504 1458 570 1490 ‘vix
584 1456 713 1489 ᾱεείηιᾶ

124 1515 224 1551 parte
245 1507 312 1539 die.
333 1524 381 1531 —-
398 1508 596 1548 Sponsumve
613 1504 714 1549 negd-

131 1554 174 1587 n‘e
186 1565 200 1587 .·
225 1565 295 1587 rem
317 1554 505 1585 solemniter
523 1554 713 1596 promissam

131 1603 266 1656 exsequi
289 1601 498 1633 recusaverit.
520 1619 567 1624 -—
596 1602 677 1642 Qm‘s
700 1612 712 1631 .-

130 1649 255 1682 stoicis.
270 1650 395 1683 Notum
412 1649 522 1679 stoicae
542 1654 636 1679 sectae
659 1658 712 1690 pa-

130 1696 311 1735 radoxum,
337 1693 384 1727 ὅτι
415 1690 471 1727 ἶσαι
498 1692 540 1727 τὰ
570 1692 712 1739 ἁμαρτη-

130 1754 235 1789 ματοι.
249 1742 350 1785 Quod
360 1742 518 1774 inuam-ns
536 1744 709 1781 Horatius,

130 1791 150 1823 ἃ
171 1791 339 1823 communi
355 1790 528 1822 hominnm
542 1800 639 1821 sensu
657 1789 711 1820 ab·

130 1838 268 1871 horrere
312 1837 466 1869 ostendit.
514 1854 564 1860 -—
604 1828 709 1868 Labo‘-

130 1894 232 1918 ram:
256 1883 390 1916 difficile
419 1895 487 1916 sese
508 1884 708 1926 expediunt,

130 1933 321 1977 opinionem
332 1943 426 1965 ,suam
441 1931 613 1963 commode
627 1932 711 1962 tueri

130 1986 314 2024 nequeunt.
333 1996 382 2004 —-
407 1978 487 2011 Ciam
505 1986 643 2010 ventum
665 1978 713 2009 ad

131 2036 248 2060 verum
262 2034 314 2058 est
326 2037 338 2057 .·
350 2027 425 2058 etim
444 2028 491 2058 rei
504 2027 623 2057 veritas
637 2025 711 2068 phi-

130 2073 300 2118 looophicc':
315 2074 690 2117 expenditur.--Sensus
699 2084 711 2104 :

135 2122 329 2154 communis,
346 2139 394 2146 —
415 2123 523 2153 Mores
538 2133 549 2151 :
564 2121 713 2152 omnium

132 2168 332 2212 populorum
345 2168 550 2200 consuetudo
559 2175 592 2199 et
601 2169 714 2198 viven-

133 2215 169 2248 di
185 2216 280 2247 ratio.
293 2232 341 2239 —
352 2218 463 2260 Atque
476 2215 547 2258 ipsa
560 2214 685 2246 militas
700 2225 713 2245 .-

133 2262 211 2306 quiit
233 2262 315 2294 utile
343 2270 411 2304 est,
439 2274 508 2296 non
536 2274 604 2295 esse
626 2262 716 2305 paria

258 2318 313 2355 11.

761 993 911 1028 peccata,
941 995 1047 1026 neque
1069 995 1162 1026 pares
1189 986 1343 1017 omnibus

761 1044 874 1076 poenas
901 1033 1055 1074 irrogari3
1084 1039 1121 1062 ut
1146 1032 1295 1064 homines
1325 1034 1342 1064 a

763 1080 966 1124 gravioribus
981 1079 1109 1121 flagitiis
1123 1079 1347 1111 deterreantur

762 1138 934 1171 poenarum
962 1127 1148 1169 graviorum
1173 1134 1274 1159 metu.
1297 1144 1347 1151 -—

763 1174 850 1206 lusti
861 1174 966 1217 prope
983 1181 1089 1204 mater
1109 1180 1143 1204 et
1158 1174 1246 1216 aequi
1264 1186 1275 1205 .·
1291 1176 1343 1214 jus

764 1223 851 1254 enim
867 1229 899 1253 et
913 1222 1000 1263 leges
1013 1223 1048 1252 in
1062 1221 1102 1250 iis
1115 1232 1187 1262 quae
1201 1222 1268 1253 sive
1281 1223 1345 1264 pri-

767 1277 935 1308 vatorum,
961 1269 1029 1299 sive
1053 1269 1192 1298 civitatis
1212 1270 1345 1300 univer-

765 1327 807 1348 sae
826 1316 959 1347 utilitati
979 1316 1182 1354 inserviunt,
1198 1316 1348 1347 innitun-

766 1371 834 1396 tur.
1201 1398 1211 1403 ,

818 1417 871 1448 ι4.
894 1409 974 1441 Οἰινη
989 1417 1224 1450 prorepserunt
1230 1409 1348 1452 primis

766 1457 931 1489 animalia
947 1456 1038 1487 terris
1053 1467 1065 1486 .-
1081 1457 1170 1498 paria
1185 1467 1252 1488 esse
1267 1469 1344 1500 pec-

767 1512 836 1536 cata
855 1504 978 1536 idcirco
999 1502 1204 1535 affirmabant
1233 1505 1346 1544 stoici,

766 1552 856 1595 quod
872 1554 997 1592 justum
1013 1557 1045 1581 et
1063 1551 1220 1590 injustum
1235 1553 1271 1583 in
1291 1563 1347 1584 na-

766 1598 839 1630 tura
861 1597 930 1642 ipsa
958 1597 1131 1629 fundatum
1152 1607 1256 1632 esset:
1273 1610 1347 1642 quae

764 1654 881 1677 natura
903 1644 978 1676 cum
999 1645 1111 1676 eadem
1132 1646 1169 1677 in
1193 1648 1348 1679 omnibus

765 1693 955 1725 hominibus
978 1694 1185 1735 reperiretur,
1209 1702 1277 1727 erat
1292 1706 1344 1726 ea-

765 1740 838 1771 dem
853 1751 985 1783 quoque
1004 1740 1142 1782 dignitas
1156 1741 1238 1780 justi
1252 1749 1284 1772 et
1297 1744 1348 1774 in-

763 1789 842 1828 justi
878 1788 1027 1830 gravitas.
1063 1788 1219 1818 Horatius
1251 1797 1349 1832 nogat

762 1837 887 1876 justum
921 1834 963 1866 ab
1002 1832 1118 1865 naturai
1159 1835 1254 1874 oriri,
1291 1837 1348 1868 sed

764 1882 783 1913 a
815 1881 962 1924 legibus,
1009 1891 1146 1923 quarum
1189 1884 1348 1925 originem

764 1930 912 1967 accersit,
940 1935 972 1960 et
1002 1928 1043 1959 ab
1069 1928 1209 1960 utilitate
1235 1931 1347 1972 publi-

764 1975 821 2016 ca,
856 1986 930 2018 quae
962 1975 1042 2018 quid
1074 1977 1200 2015 justum
1232 1984 1266 2008 et
1298 1980 1348 2009 in-

762 2025 887 2064 justum
910 2024 952 2054 sit
978 2023 1117 2054 maxime
1145 2023 1347 2056 demonstra-

766 2071 826 2104 vit.
847 2088 895 2095 —
915 2070 1035 2102 Primis
1053 2081 1065 2101 .·
1084 2070 1198 2101 recens
1222 2074 1346 2104 creatis.

764 2136 814 2143 —
827 2119 953 2149 Mutum
967 2125 1000 2148 ee
1013 2125 1105 2159 turpe
1114 2128 1215 2159 pecus
1226 2130 1238 2149 .·
1251 2130 1348 2161 peco-

766 2175 839 2197 rum
862 2164 965 2196 instiu-
994 2172 1161 2196 mutorum
1194 2166 1349 2197 vivebant

767 2213 866 2256 primi
884 2212 1049 2252 homines,
1076 2214 1151 2254 qui,
1178 2210 1197 2242 ὲ
1230 2213 1345 2243 natura

768 2259 902 2303 quidem
911 2259 1069 2303 loquendi
1082 2259 1266 2290 facultatem
1278 2270 1348 2291 sor-

1165 2312 1211 2350 18
