1404 2522
694 131 742 178 ix

109 221 272 264 cortice
287 231 435 263 natare
445 221 531 274 jam
545 229 736 277 poterat,
752 217 922 260 tantum
939 217 1102 276 ingenii
1117 216 1324 270 efficacia,

96 289 318 346 ..gnavitate
342 286 511 341 judicii,
534 284 651 327 fideli
681 285 907 338 memoria,
939 283 1198 342 assiduaque
1226 282 1324 325 dili-

109 355 254 412 gentia
266 368 414 396 rerum
436 353 758 408 verborumque
778 351 1032 392 thesaurum
1050 351 1130 391 sibi
1147 365 1324 408 compa-

107 422 237 476 ravit;
263 421 320 478 ita
335 421 380 463 in
407 419 639 462 clarissima
653 418 844 460 universi
864 428 1077 459 terrarum
1097 417 1214 458 orbis
1231 416 1330 457 luce

107 479 302 531 versatus
326 499 391 530 est
418 498 461 529 et
483 486 658 539 enituit,
687 495 738 527 ut
765 485 799 527 si
827 484 987 542 scripta
1011 485 1101 536 ejus
1130 483 1329 526 conferas

108 570 209 598 cum
237 556 421 610 Graecis,
447 565 636 597 statuere
655 554 752 606 jure
772 552 934 610 possis,
960 551 1171 608 quantum
1190 553 1330 594 Athe-

107 637 175 664 nae
206 624 289 666 toti
312 623 512 677 Graeciae‚
534 619 710 663 ‘tantum
732 620 852 661 hunc
877 618 1060 661 Athenis
1089 618 1330 662 luculenter

106 690 365 747 praestitisse.

168 757 236 799 De
261 756 372 799 fama
392 758 482 811 ejus
496 757 583 810 jam
604 755 816 814 dispersa,
836 754 890 796 de
916 755 1138 814 spectabili
1158 755 1330 798 virtutis

109 823 417 882 sapientiaeque
440 824 614 877 habitu,
636 822 902 879 summisque
922 822 966 864 in
989 838 1088 864 eum
1116 822 1329 864 nobilium

109 891 294 934 maxime
318 903 360 934 et
387 891 720 934 clarissimorum
751 891 946 932 virorum
972 889 1123 932 studiis
1152 890 1332 949 cogitari

110 970 277 1017 potest,
310 959 409 1002 cum
439 961 620 1013 Brutus,
655 957 831 1000 minime
856 958 1029 1016 ineptus
1055 957 1332 1017 ingeniorum

111 1027 342 1069 aestimator
361 1033 387 1081 ¹,
414 1028 458 1069 in
489 1027 736 1069 societatem
762 1024 862 1067 belli
886 1025 1018 1067 civilis
1038 1036 1082 1067 et
1105 1025 1160 1067 ad
1190 1026 1330 1068 tribu·

113 1105 264 1137 natum
281 1095 462 1152 legionis
477 1110 664 1137 romanae
683 1109 781 1136 eum
802 1105 1018 1147 evocaret,
1038 1105 1156 1136 ratus
1171 1094 1332 1137 scilicet

111 1160 206 1204 fieri
221 1178 311 1206 non
327 1178 474 1221 posse,
492 1163 597 1220 quin
612 1177 693 1220 pro
704 1161 938 1204 arctissima
949 1161 1143 1204 omnium
1157 1162 1270 1204 inter
1286 1177 1332 1204 se

113 1231 324 1274 virtutum
349 1231 625 1290 cognatione,
655 1230 849 1288 quamvis
878 1228 1038 1271 militiae
1063 1229 1190 1287 plane
1209 1230 1330 1273 rudis

115 1308 228 1340 esset
254 1298 455 1353 Flaccus,
477 1296 532 1339 ad
561 1296 804 1355 exemplum
827 1296 1010 1354 Tyrtaei‚
1033 1311 1328 1338 summorum-

114 1378 201 1421 que
229 1363 443 1417 virorum,
477 1361 629 1405 bellica
662 1363 839 1420 quoque
871 1361 1029 1404 virtute
1061 1362 1143 1404 sibi
1170 1361 1328 1405 auxilio

111 1440 222 1483 esset
237 1445 286 1472 ac
308 1430 501 1473 consilio.

170 1495 258 1538 Sed
277 1496 377 1538 cum
403 1511 455 1538 eo
480 1497 526 1538 in
550 1496 687 1551 bello,
707 1497 975 1555 Philippensi
996 1498 1175 1555 nempe,
1201 1497 1330 1541 lacoe-

111 1563 166 1606 tis
193 1565 366 1606 Caesaris
393 1579 517 1621 pares
542 1579 631 1606 non
653 1576 796 1607 essent
820 1565 942 1606 Bruti
966 1565 1124 1621 copiae,
1146 1565 1325 1608 Flaccus

114 1630 299 1674 Martem
314 1631 416 1689 ipsis
435 1629 632 1686 iniquum
651 1629 779 1671 nimis
801 1630 1006 1684 sentiens,
1027 1631 1201 1688 abjecte}
1213 1649 1326 1691 par-

112 1696 252 1752 ηιῑιίά,
273 1697 480 1739 Mercurii
499 1711 582 1754 ope
601 1711 648 1738 ac
671 1695 871 1754 praesidio
889 1712 966 1754 per
982 1697 1167 1741 densum
1183 1703 1328 1743 aerem

114 1764 344 1807 incolumis
361 1763 516 1816 evasit,
535 1763 621 1804 hoc
644 1774 726 1816 est,
745 1774 795 1804 ut
810 1763 901 1820 ipse
926 1765 1079 1818 refert,
1098 1765 1186 1818 jam
1211 1765 1328 1808 deci·

113 1832 168 1874 sis
191 1831 274 1873 sibi
293 1831 446 1889 pennis
469 1829 663 1884 humilis,
681 1840 723 1872 et
744 1830 832 1872 lare
854 1846 903 1872 ac
930 1830 1069 1873 fundo
1096 1831 1327 1877 destitutus

111 1899 294 1941 Romam
311 1898 435 1956 petiit
445 1929 456 1951 ‚
472 1908 514 1939 et
527 1897 682 1939 Caesari
695 1912 875 1955 poeseos
886 1897 1186 1956 facundiaeque
1200 1900 1330 1943 bene-

115 1965 215 2008 ficio
230 1965 528 2008 reconciliatus
546 1976 610 2007 est
626 1977 663 2018 2,
679 1966 848 2022 parario
873 1965 1018 2024 magni
1033 1966 1212 2022 favoris,
1238 1971 1326 2012 tam

116 2033 259 2077 animo
273 2035 402 2091 quam
420 2032 592 2090 origine
602 2032 722 2090 regio
733 2034 832 2075 vere
842 2042 1042 2091 patrono,
1054 2033 1301 2078 Maecenate.

158 2173 170 2190 ¹
187 2168 231 2199 V.
251 2167 322 2199 Cic.
342 2167 435 2209 epist.
451 2173 482 2197 et
499 2165 539 2197 de
559 2173 640 2198 orat.
660 2184 707 2190 -—
724 2174 736 2189 2
754 2166 824 2198 Lib.
843 2167 877 2205 1,
897 2166 950 2198 od.
975 2176 993 2196 α
1011 2173 1116 2209 patet,
1136 2169 1324 2211 Augustum

108 2232 170 2265 pro
184 2223 354 2254 Mercurio
368 2221 531 2253 habitum.
545 2223 587 2253 V.
604 2221 704 2263 porro
717 2221 776 2253 lib.
795 2222 845 2261 11,
863 2232 914 2263 ep.
937 2232 955 2252 2
976 2222 1050 2254 init.
1075 2223 1148 2255 Lib.
1164 2225 1196 2254 11
1218 2224 1271 2255 od.
1291 2235 1322 2264 7.

105 2279 193 2311 Suet.
210 2277 244 2309 d.
262 2278 286 2309 1.

236 2330 288 2367 II.
1142 2332 1164 2366 b
