1422 2528
128 127 191 161 1a6

511 135 552 175 Q.
571 134 755 167 HORA‘rn
779 137 929 169 FLACCI

283 209 298 226 «
316 190 430 239 Quod
449 193 480 230 si
499 194 592 230 meis
610 194 783 233 inaestuat
798 196 1019 245 praecordiis
1284 204 1314 230 ¹⁵

179 268 194 284 »
214 251 353 288 Libera
370 251 476 297 bilis,
498 261 540 289 ut
558 252 571 280 4‘
591 253 672 290 haec
685 253 832 303 ingrata
849 255 971 293 ventis
988 255 1132 293 div‘idat

283 326 298 343 »
312 313 518 358 Fomenta,
537 312 674 349 vulnus
689 313 742 349 nil
761 314 901 351 malum
921 315 1104 361 levantia,

181 385 196 402 »
217 369 371 406 Desinet
390 369 600 420 imparibus
618 379 764 408 certare
778 372 976 412 submotus
991 374 1126 424 pudor.
1139 389 1156 407 u

285 425 363 465 Ubi
381 428 462 465 haec
477 441 630 466 severus
645 437 680 466 te
698 430 822 481 palam
841 432 1084 470 laudaveram
1102 431 1136 479 ⁵,

178 488 199 522 J
203 498 310 522 ussus
330 485 437 524 abire
456 486 630 533 domum,
647 488 800 526 ferebar
814 490 958 528 incerto
977 490 1074 540 pede
1281 506 1313 523 20

283 544 344 582 Ad
362 558 438 582 non
454 546 594 583 amicos
614 546 706 584 heu!
725 548 819 584 mihi
838 557 984 598 postes,
1005 559 1042 586 et
1057 548 1154 586 heu!

178 604 326 641 Limina
344 605 439 641 dura
459 605 598 654 quibus
618 605 765 643 lumbos
782 617 819 644 et
838 608 974 658 infregi
994 608 1102 644 latus.

281 666 407 710 Nilne,
425 664 620 713 gloriantis
638 666 652 688 ⁶
672 667 880 715 quamlibet
897 668 1159 705 mulierculam

178 723 338 760 Vincere
359 723 515 760 mollitia
526 752 536 770 ,
552 737 659 761 amor
677 725 824 774 Lycisci
844 740 903 764 me
918 735 1040 774 tenet;

283 785 316 819 U
322 783 394 820 nde
414 784 594 834 expedire
610 796 686 822 non
703 786 912 824 amicorum
929 795 1070 837 queant
1285 795 1317 822 2⁵

177 941 208 970 4.
240 932 334 974 Quod
369 933 399 963 si
432 933 510 964 meis
546 934 698 965 inaeseuae

128 979 316 1021 praecordiis
331 979 445 1010 Libera
459 979 547 1018 bilis,
566 988 599 1010 ιιι
612 988 672 1012 ete.
687 990 696 1012 :

129 1027 303 1058 Continuat
315 1027 493 1056 orationem
507 1032 580 1056 cum
594 1028 698 1057 Pettio

131 1074 166 1102 in
198 1072 322 1113 poculis
347 1071 487 1102 habitam
511 1083 607 1113 super
626 1076 698 1103 Ina-

130 1118 210 1148 chiae
221 1118 303 1147 fastu
314 1124 345 1147 et
356 1116 496 1148 avaritia.
508 1120 546 1148 Et
556 1120 598 1155 si,
609 1118 698 1159 quod

129 1163 278 1200 meditor,
297 1163 421 1204 inquit,
439 1164 522 1194 hanc
548 1163 697 1204 iujuriam

131 1210 172 1240 ad
198 1210 341 1240 animum
364 1220 516 1240 revocans
529 1232 538 1247 ‚
560 1209 621 1250 quai
641 1210 696 1240 de-

132 1263 184 1286 cet
201 1255 432 1296 indignatione,
447 1266 482 1286 ea
498 1257 605 1286 omnia
627 1266 698 1296 quae

132 1301 235 1333 adhuc
253 1303 289 1331 in
314 1312 366 1332 me
389 1303 492 1332 sentio
517 1302 630 1332 amoris
650 1302 698 1332 fo-

127 1355 252 1385 menta,
277 1354 308 1377 et
341 1347 441 1378 veluti
471 1349 590 1388 pabula
617 1358 700 1388 quae⁴

130 1395 223 1432 dam,
242 1393 404 1432 abjiciam,
425 1392 498 1424 cum
519 1394 601 1424 nihil
626 1404 698 1434 pro-

129 1442 210 1477 sint;
225 1438 302 1469 time
330 1440 459 1470 tandem
486 1440 620 1470 cessabit
644 1441 699 1470 illa

127 1485 342 1527 impudentia,
362 1485 425 1526 quai
440 1485 528 1516 nime
546 1487 697 1527 imparem

129 1542 251 1569 amare,
278 1538 310 1561 et
333 1534 546 1573 potentiorem
573 1543 697 1572 aequare

130 1577 262 1609 rivalem
296 1578 470 1609 contendo.
500 1579 551 1609 Sic
589 1578 696 1609 locum

130 1623 315 1663 difficilem,
328 1632 378 1662 et,
399 1631 434 1654 ut
458 1622 568 1654 versun
590 1624 696 1663 fatear,

130 1673 296 1701 insuavem
321 1677 414 1711 atque
435 1681 579 1711 asperum
597 1671 701 1701 obiter

129 1716 355 1758 explicandum
391 1727 516 1747 censeo.
545 1718 700 1746 Fomenta

131 1763 218 1794 enim
247 1763 366 1793 amoris
391 1770 468 1792 sunt
498 1762 605 1792 eadem
629 1774 701 1804 quae

132 1817 164 1839 et
185 1809 323 1850 pabula,
354 1811 455 1839 otium
488 1808 625 1839 maxime
662 1821 697 1839 ac

130 1855 268 1893 desidia,
288 1861 319 1884 et
342 1855 449 1896 inepta
469 1855 612 1895 quaedam
631 1866 697 1885 cre-

132 1901 248 1931 dulitas
264 1907 359 1941 atque
378 1912 459 1942 spes.
484 1902 595 1942 Neque
610 1902 696 1932 aliud

132 1953 303 1977 summotus
320 1947 434 1986 pudor,
462 1946 524 1987 hoe
548 1954 612 1985 est,
627 1948 698 1978 nul-

131 1994 203 2030 lus;
226 2000 258 2023 et
286 1992 457 2031 imparibus
485 2001 607 2023 certare
631 2004 698 2024 non

132 2040 237 2070 minus
248 2039 332 2069 recte
347 2039 386 2068 ad
399 2050 617 2079 quoscumque
630 2050 700 2070 cor-

132 2085 261 2122 rivales,
277 2084 372 2125 quani
383 2085 421 2114 ad
435 2087 573 2115 amicum
590 2086 699 2116 referri

132 2138 247 2172 potest.
262 2133 338 2161 Haec
362 2132 463 2172 impar
478 2131 630 2169 moribus,
651 2132 698 2162 illi

133 2177 346 2208 facultatibus.
369 2177 454 2207 Bene
479 2178 553 2219 ergo
579 2178 697 2218 Phylli-

131 2223 203 2254 dem
229 2230 354 2262 monet,
383 2223 440 2254 lib.
456 2225 512 2260 IV,
538 2234 573 2254 ιι
598 2223 696 2254 :Dt's-

741 947 858 977 parem
866 935 951 967 vites
964 947 975 966 .·
990 936 1033 967 ita
1042 935 1172 978 quidem
1181 938 1318 968 Torren-

750 983 828 1018 tius,
847 983 903 1023 qui
922 984 1028 1013 locum
1042 983 1149 1020 illum,
1163 993 1231 1024 quo
1246 983 1316 1013 nul-

749 1028 801 1057 lus
813 1028 898 1068 apud
913 1030 1080 1059 Horatium
1096 1029 1225 1060 fortasse
1235 1026 1316 1058 diffi-

752 1074 854 1111 cilior,
872 1075 991 1115 optime
1014 1075 1098 1105 inter
1118 1075 1196 1105 alios
1219 1075 1317 1113 inter·

749 1127 854 1160 pretes
868 1121 1024 1151 elucidare
1037 1121 1116 1151 mihi
1135 1122 1219 1151 visus
1238 1127 1296 1152 est.

798 1192 828 1223 5.
850 1193 910 1223 Ubi
925 1192 993 1223 lzaec
1007 1204 1128 1224 severus
1149 1201 1180 1224 te
1196 1193 1314 1235 palum

750 1238 957 1269 laudaveram
979 1250 990 1269 :
1019 1239 1187 1280 postquam
1223 1240 1313 1278 talia,

750 1295 817 1314 non
829 1284 952 1321 leviter,
965 1285 1020 1315 sed
1029 1295 1140 1316 severo
1148 1308 1157 1323 ,
1167 1285 1220 1316 sed
1231 1293 1318 1317 certo

751 1330 902 1368 consilio,
919 1330 1030 1362 coram
1051 1339 1081 1362 te
1098 1333 1315 1372 promiseram.

751 1394 797 1399 —
809 1375 918 1407 Juss'us
935 1377 1022 1407 abire
1037 1378 1166 1408 domum
1176 1388 1188 1407 :
1207 1379 1316 1409 convi-

751 1423 840 1452 vium
866 1423 1018 1454 relicturo
1041 1423 1120 1453 mihi
1137 1424 1317 1465 praescribe-

751 1468 822 1505 bas,
842 1475 895 1507 ut,
913 1471 1068 1510 propositi
1078 1477 1191 1508 tenax,
1207 1470 1246 1500 ad
1259 1470 1316 1501 do-

751 1525 839 1544 mum
873 1526 990 1553 meam,
1016 1526 1083 1547 nou
1114 1515 1154 1546 ad
1180 1516 1317 1548 Inachiae

751 1561 883 1591 domum
895 1572 945 1591 me
964 1562 1156 1599 conferrem;
1171 1562 1244 1600 sed,
1254 1569 1316 1594 etc.

749 1624 796 1631 —
816 1607 952 1637 Ferebar
973 1607 1090 1638 incerto
1105 1608 1189 1647 pede
1208 1620 1218 1639 :
1236 1615 1272 1640 ut
1289 1610 1317 1639 is

753 1663 849 1694 quem
877 1655 1031 1694 promissa
1066 1654 1192 1691 fallere,
1222 1665 1317 1696 quem

753 1698 897 1729 mandata
930 1707 984 1730 tua
1015 1710 1081 1730 uon
1108 1701 1237 1742 exsequi
1262 1711 1318 1742 pu-

752 1745 856 1781 deret,
870 1746 976 1776 animo
990 1745 1146 1777 fluctuans
1155 1769 1165 1784 ,
1177 1756 1318 1788 gressum

752 1791 889 1821 subinde
918 1803 1080 1822 revocans.
1118 1809 1165 1816 ·—-
1190 1791 1316 1823 Limina

751 1837 833 1867 dura
844 1848 854 1866 :
869 1837 958 1868 durae
976 1845 1007 1868 et
1019 1838 1155 1868 crudelis
1167 1838 1312 1871 Inachiae.

748 1900 796 1907 --
811 1883 927 1923 Quibus
948 1883 1068 1914 lambos
1083 1891 1115 1913 ec
1127 1883 1246 1925 inst-egi
1266 1884 1315 1914 Ia-

751 1936 799 1958 tus
817 1940 828 1959 .·
854 1929 1073 1970 pernoctando
1099 1929 1140 1959 ad
1166 1931 1314 1968 januam,

750 1975 842 2004 humi
861 1976 1014 2014 jacendo;
1030 1975 1100 2006 vide
1123 1974 1238 2016 supra,
1251 1976 1313 2007 Od.

752 2022 817 2059 111,
840 2031 880 2051 10
891 2045 899 2059 ,
917 2032 969 2052 20.

799 2087 830 2118 6.
847 2088 941 2117 Νἰιηι·
948 2085 1130 2129 gloriantis,
1149 2094 1206 2117 etc.
1218 2096 1227 2118 ε
1241 2088 1314 2118 ecce

753 2133 883 2173 propter
897 2133 984 2174 quod
1002 2133 1099 2173 magis
1114 2132 1210 2173 quani
1224 2143 1317 2174 prop-

750 2179 797 2209 ter
815 2179 951 2209 Inachiae
970 2189 1124 2215 amorem,
1146 2180 1315 2210 Horatium

749 2225 954 2256 confessionis
982 2235 1046 2255 suae
1076 2225 1238 2266 poeniteat.
1265 2241 1315 2251 —-
