1422 2528
552 76 566 84 .—

141 133 206 164 238

1081 0 1110 7 v—
1130 0 1262 13 v-e—re--w
1283 0 1303 13 -s

525 137 568 176 Q.
593 135 776 167 uonA‘ru
799 136 957 169 rmum
1148 152 1168 165 ψ

140 188 272 232 Noluit
287 195 324 231 in
339 194 445 232 Flavi
464 195 596 233 ludum
617 208 675 233 me
690 197 862 245 mittere,
884 198 1014 249 magni
1047 207 1051 211 '
1079 205 1110 236 μὶ
1155 219 1157 223 ’
1195 212 1198 219 ’

145 252 232 300 Quo
249 255 360 304 pueri
377 256 522 305 magnis
539 257 560 292 ὲ
573 257 860 295 centurionibus
875 259 966 305 orti,
1006 292 1009 293 γ

143 315 258 350 Laevo
271 315 443 364 suspensi
457 315 601 352 loculos
621 315 865 367 tabulamque
882 318 1024 355 lacerto
1035 325 1082 366 ¹¹,

144 371 255 409 Ibant
269 375 415 412 octonis
431 375 640 412 referentes
660 375 792 413 Idibus
807 389 892 414 aera.
1092 391 1121 419 ¹¹:
1165 384 1170 394 ²
1300 389 1331 421 7⁵

146 433 221 470 sed
237 448 398 484 puerum
413 444 468 473 est
483 448 596 473 ausus
615 438 774 473 Romam
793 446 947 486 portare
963 445 1010 483 ¹²,
1023 436 1235 475 docendum

147 495 274 538 Artes,
299 507 392 544 quas
408 495 543 532 doceat
561 495 687 544 quivis
700 509 815 545 eques
833 505 945 547 atque
960 506 1112 535 senator

147 553 273 590 Semet
293 563 511 604 prognatos.
533 558 685 593 Vestem
701 569 906 607 servosque
925 565 1124 607 sequentes

147 616 192 651 In
208 626 344 664 magno
363 623 405 652 ut
424 616 568 666 populo
587 616 619 653 si
639 615 724 666 quis
745 617 917 663 vidisset,
932 618 1032 655 avita

148 780 289 811 Juvmtc.
318 798 364 805 —-
388 782 426 812 In
450 782 546 813 Flave
563 782 672 814 ludum
701 794 712 813 .·

149 826 299 858 scholam.
327 829 474 859 Docebat
489 831 624 860 Venusii
645 829 713 860 Fla-

150 875 221 903 vius
244 881 341 904 artem
368 875 512 916 legendi,
533 876 711 913 scribendi,

130 936 135 941 ·
150 921 518 964 numerandi—Magni
533 922 601 962 ριιὸ
608 922 711 962 pueri,

150 967 278 1008 magnis
305 967 322 997 ὲ
355 968 590 998 centurionibus
615 969 678 998 ortt¹
701 980 712 999 :

150 1014 280 1054 gratiam
296 1015 419 1054 optimo
440 1016 521 1055 patri
536 1015 631 1045 refert
646 1016 710 1045 Ho—

149 1061 266 1098 ratius,
292 1062 348 1101 qui
370 1072 402 1090 se
427 1061 530 1091 multo
552 1059 713 1091 liberalius

150 1106 277 1136 educari
302 1109 481 1144 curaverit,
513 1106 607 1148 quam
635 1107 712 1137 edu-

150 1154 213 1183 cati
235 1160 325 1183 erant
344 1154 406 1193 ipsi
426 1164 615 1194 magnorum
641 1164 714 1183 ceu·

151 1200 317 1229 turiouum
333 1197 403 1229 filii.
429 1200 529 1230 Porro
554 1200 714 1229 centurio-

149 1256 205 1275 nes
230 1251 320 1275 eraut
340 1246 502 1286 sexaginta
523 1247 558 1275 iu
581 1246 715 1286 singulis

149 1291 348 1333 legionibus,
375 1302 431 1321 sex
458 1293 494 1321 in
521 1291 714 1332 untiquaque

149 1338 293 1368 cohorte.
314 1339 464 1368 Centenis
486 1338 584 1379 vulgo
599 1337 714 1378 pediti-

148 1384 210 1415 bus
231 1385 349 1426 singuli
365 1391 539 1426 praeerant;
563 1391 592 1413 et
608 1394 715 1424 quam-

148 1431 197 1461 vis
211 1432 378 1472 pauciores
395 1431 535 1460 centenis
553 1429 714 1460 interdum

148 1484 395 1507 numerarentur
416 1478 532 1506 milites
550 1477 584 1506 iu
606 1477 714 1518 singu-

147 1522 186 1553 lis
222 1524 413 1564 manipulis,
450 1533 569 1553 nomen
608 1523 713 1554 tamen

149 1571 376 1605 centurionum
387 1570 512 1600 mansit.
528 1569 634 1607 Major
643 1568 713 1600 aliis

147 1623 214 1646 erat
227 1617 350 1656 primus
364 1615 506 1645 cohortis
520 1616 630 1655 primae
643 1627 714 1647 cen-

149 1664 254 1700 turio,
278 1673 313 1692 ac
336 1661 516 1702 primipilus
545 1661 611 1691 sive
645 1673 715 1693 ceu-

149 1709 235 1739 turio
264 1708 418 1750 primipili
443 1707 628 1740 vocabatur.
654 1711 714 1740 Ju-

149 1765 243 1786 vanc.

200 1812 252 1832 11.
286 1802 379 1832 Laevo
420 1802 566 1842 suspensi
597 1802 715 1832 loculos

150 1848 354 1888 tabulamque
387 1847 506 1877 lacerto
535 1858 547 1877 :
577 1847 715 1878 serentes

147 1895 225 1935 ipsi,
255 1904 321 1924 non
346 1900 382 1924 ut
411 1905 470 1935 ego
499 1905 555 1935 per
587 1905 713 1933 servos,

149 1950 351 1972 crumenam.
377 1940 435 1970 ubi
462 1941 574 1971 calculi
595 1941 632 1970 ad
655 1951 714 1971 nu-

148 1986 354 2023 merandum,
376 1993 407 2016 et
429 1987 569 2017 tabulam
590 1988 625 2016 iu
649 1986 713 2027 qua

148 2032 286 2062 calculos
313 2040 482 2073 ponerent.
512 2050 558 2056 -—
585 2033 713 2063 Occonis

147 2073 319 2120 referentes
334 2078 439 2108 Idibus
454 2090 520 2109 oera
537 2090 548 2109 .·
562 2079 636 2110 Idus
654 2090 711 2109 vo-

146 2132 260 2155 cantur
272 2131 406 2161 octonae,
419 2125 494 2165 quia
508 2125 592 2155 iuter
601 2127 708 2156 Nonas

146 2177 177 2201 et
190 2171 282 2209 Idus,
293 2177 368 2200 octo
381 2170 447 2201 dies
456 2171 705 2211 intercedebant;

144 2224 273 2256 octava,
291 2216 407 2248 Iduum
429 2217 498 2248 dies
514 2224 589 2250 erat.
607 2219 705 2249 Fene-

766 791 885 816 ratores
902 797 1032 817 usuram
1048 786 1142 828 vulgo
1162 786 1332 828 exigebant

767 832 930 870 Calendis,
949 832 984 862 id
1001 840 1065 871 est,
1083 831 1184 875 prima
1203 832 1254 863 die
1276 842 1331 862 cu-

765 878 883 919 jusque
900 880 1034 917 mensis,
1058 878 1095 909 ac
1117 877 1246 909 rursum
1267 877 1330 908 Idi-

768 923 845 961 bus,
881 926 907 954 si
934 932 1039 955 essent
1070 925 1237 957 avidiores.
1269 925 1332 955 Iste

768 971 895 1000 Flavius
907 971 1053 1012 exigebat
1063 971 1256 1012 stipendium
1271 971 1333 1002 Idi-

770 1016 840 1047 bus.
861 1017 1000 1057 Quidam
1016 1016 1061 1048 sic
1077 1018 1238 1059 explicant
1256 1027 1264 1048 :
1277 1028 1331 1058 pe-

769 1064 872 1092 cuniae
891 1063 1017 1093 calculis
1039 1071 1157 1105 putatae
1176 1064 1330 1094 rationem

769 1108 864 1139 domo
889 1117 1084 1150 reportantes
1111 1111 1145 1140 iu
1171 1109 1330 1148 scholam,

768 1154 1036 1195 quemadmodum
1068 1156 1172 1187 fuerat
1204 1157 1282 1197 ipsis
1313 1155 1331 1186 a

768 1202 916 1242 magistro
948 1203 1186 1243 praescriptum,
1217 1201 1261 1232 ita
1295 1208 1332 1231 ut

769 1247 905 1277 calculos
929 1248 1097 1286 referrent,
1131 1246 1187 1278 seu
1211 1257 1333 1278 accom-

770 1293 939 1323 modat-ent
962 1294 1001 1323 ad
1030 1294 1112 1324 diem
1140 1293 1272 1331 Iduum,
1297 1293 1331 1324 id

769 1346 834 1375 est,
865 1346 1014 1370 notarent
1037 1339 1190 1381 quantum
1214 1340 1332 1370 fenoris

769 1396 828 1426 pro
853 1386 935 1415 certa
952 1386 1085 1427 pecunia
1112 1386 1222 1417 Idibus
1247 1387 1332 1427 exigi

767 1429 883 1472 posse&
915 1433 954 1462 In
980 1443 1044 1473 quo
1072 1434 1173 1473 carpit
1201 1433 1331 1463 illorum

768 1479 993 1508 centurionum
1011 1480 1173 1509 avaritiam
1186 1479 1242 1520 qui
1252 1485 1332 1509 artes

765 1523 949 1562 hujusmodi
966 1525 1173 1556 feneratorias
1188 1525 1205 1555 ἂ
1222 1524 1332 1555 liberis

765 1571 830 1600 suis
848 1571 942 1600 unice
966 1571 1102 1612 perdisci
1118 1571 1247 1602 vellent.
1270 1573 1332 1602 Ista

766 1618 923 1656 expositio
940 1618 1068 1647 videtur
1083 1618 1217 1648 obscura
1235 1623 1266 1647 et
1277 1627 1330 1658 pa-

767 1660 839 1692 rum
856 1663 950 1693 latina
962 1686 970 1701 ,
992 1664 1109 1705 referre
1123 1674 1190 1694 cera
1210 1663 1327 1700 Idibus,

768 1718 844 1749 pro,
878 1720 1027 1740 revocare
1063 1711 1331 1752 computationem

769 1765 900 1786 summae
914 1756 951 1785 nd
971 1756 1046 1787 Idus
1056 1780 1064 1794 ,
1076 1764 1136 1787 etc.
1151 1758 1173 1788 J
1175 1766 1292 1788 uvnnc.

819 1813 870 1833 12.
903 1803 969 1832 Sed
990 1813 1123 1844 [mentm
1157 1810 1205 1833 est
1237 1813 1331 1833 ausus

768 1850 902 1878 Romam
917 1856 1048 1889 portare
1058 1859 1069 1878 :
1078 1851 1210 1880 Romam
1221 1856 1329 1879 secum

767 1893 894 1926 ducere.
904 1895 1050 1926 Notauda
1062 1896 1110 1926 vis
1120 1896 1210 1925 istius
1222 1894 1310 1925 verbi
1320 1906 1328 1932 ς

768 1948 816 1970 est
830 1952 925 1970 ausus
935 1953 948 1978 ;
966 1943 1067 1971 iuerat
1084 1941 1168 1971 euim
1177 1941 1224 1971 illi
1233 1951 1328 1982 quam

767 1986 861 2017 dabat
882 1986 951 2018 filio
977 1997 1036 2018 suo
1057 1988 1251 2018 institutioni
1274 1997 1330 2017 no-

765 2032 830 2063 bile
867 2033 1027 2074 quoddam
1060 2034 1270 2064 aemulationis
1299 2040 1343 2064 et-

766 2079 913 2110 audacioe
940 2090 1053 2121 genus,
1079 2077 1153 2109 cum
1172 2081 1328 2120 impensas

764 2125 859 2166 supra
879 2126 1094 2156 conditionem
1120 2135 1210 2159 suam
1227 2125 1328 2156 facere

763 2171 936 2210 videretur,
950 2171 1188 2212 timendumque
1196 2178 1276 2202 esset
1289 2181 1329 2202 ne

761 2219 841 2249 tanti
859 2225 1004 2261 sumptus
1019 2220 1054 2250 in
1071 2217 1191 2249 humile
1201 2227 1323 2259 prce-eo-
