1422 2528
165 134 230 166 ²74

555 132 596 172 Q.
621 131 805 162 HoRATn
828 123 982 165 rmum

162 189 308 239 Arguta
322 190 521 228 meretrice
539 201 648 242 potes
664 199 713 240 ¹⁹,
730 193 1134 244 Davoque¹Chremeta
1150 217 1154 220 ·
1227 206 1229 210 '
1274 218 1278 220 s
1295 211 1297 213 ’
1321 214 1353 240 4.

162 247 349 286 Eludente
365 262 511 298 senem,
530 251 647 288 comis
666 252 812 302 garrire
838 251 986 292 libellos
999 250 1027 304 ',⁴

163 308 271 345 Unus
288 309 483 358 vivorum,
505 310 690 349 Fundani.
713 313 831 350 Pollio
852 327 986 364 regum

162 370 276 405 Facta
292 370 393 407 canit
407 378 456 417 ²0,
470 371 567 422 pede
589 374 647 409 ter
662 385 842 423 percusso
852 389 862 422 ;
881 375 978 412 forte
999 387 1101 432 epos⁸
1109 389 1208 425 acer,

162 429 215 465 Ut
232 442 357 476 nemo,
367 431 506 468 Varius
526 431 631 469 ducit
645 440 672 455 ²¹
690 448 699 470 :
715 434 828 471 molle
848 444 961 486 atque
980 435 1144 474 facetum

159 613 280 655 optime
307 616 514 656 scripsissent.
542 619 730 649 Pronuntia-

159 659 237 690 bant
267 662 410 702 quinque
441 662 564 702 judices
594 664 633 694 ab
664 666 731 695 Au-

160 713 253 748 gusto
270 709 454 745 constituti,
474 709 491 739 e
509 709 628 750 quibus
647 721 730 741 unus

159 759 226 782 erat
249 754 368 783 Metius
387 756 510 795 Tarpa,
534 757 590 796 qui
612 755 729 786 iterum

159 798 308 829 citabitur
326 801 361 830 in
373 800 453 830 Arte
466 808 551 841 poet.
571 802 649 842 387.

208 855 261 886 ¹9·
285 844 413 887 Arguta
432 847 594 878 meretrice
604 855 698 889 potes
716 859 727 878 .·

157 891 299 922 modeste
341 893 495 933 relinquit
537 895 729 925 clarioribus

157 938 255 968 aetatis
280 949 345 968 suae
366 939 492 969 vatibus
519 951 600 981 quos
624 941 727 972 hono·

156 982 246 1014 riflce
259 986 418 1021 nominat,
435 985 488 1024 jus
503 987 658 1017 tractandi
672 997 726 1017 co-

155 1029 303 1060 moediam
312 1053 322 1068 ,
334 1031 530 1073 tragoediam,
542 1043 653 1074 poema
663 1035 728 1074 epi-

154 1086 245 1115 cum,
279 1087 393 1118 poema
424 1077 618 1110 bucolicum.
657 1080 726 1110 Sibi

155 1122 300 1153 modeste
314 1131 418 1154 servat
432 1125 535 1154 satirae
550 1136 666 1166 genus,
689 1127 724 1156 in

155 1178 238 1211 quo,
253 1174 290 1199 ut
301 1168 366 1208 jam
379 1170 602 1201 animadvertit
611 1170 706 1212 supra
716 1195 724 1210 ,

154 1221 215 1246 sat.
235 1215 293 1252 IV,
315 1220 357 1252 42
377 1222 410 1246 et
432 1217 474 1252 43
487 1239 495 1255 ,
518 1228 622 1258 neque
638 1228 726 1248 mens

154 1260 304 1298 divinior,
333 1272 439 1303 neque
465 1272 499 1292 os
526 1274 650 1304 magna
676 1274 724 1294 so-

155 1316 241 1337 nans
268 1308 429 1349 exigitur3
455 1308 565 1349 sicque
593 1309 724 1340 invidiae

154 1354 275 1383 crimen
288 1353 383 1384 diluit
392 1364 488 1394 quam
501 1355 615 1385 Lucilii
628 1355 724 1385 admi-

153 1405 274 1430 ratores
304 1391 509 1439 offjiciebant.
547 1402 612 1442 Qui
638 1402 723 1432 enim

153 1452 329 1476 coaetaneos
341 1445 406 1476 tam
420 1447 517 1477 effuse
527 1446 650 1486 laudat,
667 1450 723 1489 qui

151 1502 184 1522 se
197 1492 273 1533 ipsis
287 1491 366 1523 adeo
387 1493 569 1523 inferiorem
590 1493 721 1534 prolite-

151 1544 216 1576 tur,
228 1538 390 1579 quomodo
402 1539 526 1570 Lucilio
533 1539 721 1579 jamdudum

151 1583 305 1615 defuncto
317 1585 463 1616 invidere
477 1587 685 1627 argueretur?

197 1630 287 1662 Ordo
312 1631 418 1662 autem
449 1640 481 1663 et
509 1643 618 1663 sensus
648 1634 722 1664 satis

151 1678 308 1708 intricatae
339 1678 463 1719 periodi
496 1679 566 1709 talis
596 1686 643 1710 est
665 1691 674 1711 z
700 1679 720 1709 ὃ

150 1723 300 1755 Fundani
325 1724 528 1765 (Fundanius
555 1732 622 1756 erat
641 1736 719 1767 poe-

150 1776 181 1800 ta
202 1771 358 1808 comicus,
375 1772 524 1813 Augusto
539 1779 571 1802 et
585 1773 718 1803 Horatio

150 1826 256 1855 carus,
284 1816 324 1847 de
349 1828 414 1858 quo
438 1828 506 1849 non
527 1829 642 1859 opera,
663 1819 719 1850 sed

149 1864 342 1893 numismata
354 1863 530 1894 etiamnum
546 1865 694 1907 exstant)
708 1888 716 1904 ,

149 1914 186 1939 tu
204 1919 290 1940 unus
303 1916 470 1950 poetarum
494 1910 590 1941 hodie
606 1913 718 1942 viven—

148 1955 249 1992 tium,
261 1963 356 1996 potes
373 1956 473 1986 comis
485 1957 612 1999 garrire
629 1958 718 1988 libel-

149 2000 217 2038 los,
233 2001 265 2032 h.
280 2012 307 2032 e.
327 2009 418 2043 potes
432 2002 555 2034 urbane»,
574 2011 605 2034 et
621 2004 717 2034 comi·

148 2046 198 2077 ter
213 2047 354 2078 scribere
373 2048 544 2080 comoedias
566 2050 650 2092 stylo
671 2051 716 2080 fa-

147 2093 267 2124 miliari
288 2094 438 2135 quidem,
461 2095 517 2126 sed
537 2094 601 2126 tam
622 2096 718 2127 facili-

148 2139 197 2170 ter
214 2139 334 2171 fluente
345 2163 354 2179 ‚
372 2148 409 2171 ut
426 2152 499 2172 cum
515 2142 717 2173 auditoribus

146 2185 199 2216 vel
225 2186 401 2219 lectoribus
419 2188 546 2230 garrire
571 2195 603 2219 et
626 2189 721 2230 quasi*

146 2232 346 2264 confabulari
361 2234 515 2275 videaris;
537 2235 572 2266 in
597 2235 715 2276 quibus

783 619 918 655 libellis,
936 618 993 650 seu
1007 620 1181 660 comoediis,
1201 623 1350 655 maceri-2·

783 665 888 706 aliqua
921 673 1058 708 arguta,
1093 667 1126 698 h.
1156 678 1184 706 e,
1208 669 1295 700 vafra
1321 678 1352 701 et

783 711 894 741 callida
905 734 914 749 ‚
933 712 985 742 vel
998 714 1126 752 Davus,
1146 712 1179 746 h.
1199 725 1227 746 e.
1242 726 1351 746 servus

784 757 897 798 aliquis
910 781 918 795 ,
950 758 1051 788 eludit
1083 766 1178 800 atque
1205 762 1351 803 emungit

783 810 915 844 argento
946 804 1144 836 Chremetem
1174 813 1228 837 aut
1250 807 1350 838 alium

782 849 958 890 quemlibet
975 861 1100 891 senem3
1124 862 1198 892 quae
1214 853 1351 895 vulgaris

782 903 847 926 erat
891 907 1064 937 graecarum
1103 898 1350 938 comoediarum,

782 942 916 982 quarum
939 942 977 972 ad
998 943 1160 986 exemplar
1178 945 1285 975 latinae
1301 956 1350 977 co—

780 988 905 1019 moediae
917 990 1043 1030 scriptae
1059 997 1136 1021 sunt
1145 1013 1154 1028 ‚
1167 993 1322 1022 materies.

829 1045 882 1066 20.
907 1035 1012 1065 Pollio
1038 1046 1147 1078 regum
1174 1038 1275 1068 Facta
1297 1049 1350 1068 ca-

780 1080 827 1110 nic
840 1092 852 1111 .-
867 1087 959 1122 poeta
972 1083 1110 1124 tragicus
1122 1082 1207 1113 idem
1223 1090 1255 1114 et
1269 1083 1350 1115 cele·

782 1126 849 1157 bris
870 1127 1061 1166 historicu53
1079 1128 1153 1159 vide
1169 1129 1232 1161 Od.
1249 1130 1298 1168 11,
1317 1141 1347 1161 1.

781 1190 828 1195 —-
839 1173 927 1203 Pede
938 1181 986 1202 ter
998 1185 1146 1213 percusso
1162 1186 1174 1205 .-
1187 1175 1347 1217 tragoediae

779 1219 897 1256 latinae,
921 1229 1093 1260 graecarum
1114 1215 1224 1259 insiarg
1247 1223 1345 1252 versi-

779 1264 840 1294 bus
863 1265 1007 1295 iambicis
1031 1266 1098 1296 sivc
1126 1268 1256 1297 senariis
1274 1278 1347 1298 con-

777 1310 918 1350 stabant,
935 1318 966 1341 et
980 1311 1053 1341 ideo
1068 1311 1202 1343 trimetri
1210 1314 1346 1354 appella-

777 1356 896 1387 bantur
920 1367 928 1389 :
956 1357 995 1387 ad
1022 1368 1127 1388 tinum
1154 1358 1259 1389 antem
1285 1370 1346 1391 me-

776 1409 861 1432 trum
875 1426 883 1441 ,
904 1404 971 1434 sive
989 1403 1028 1434 ad
1044 1414 1140 1434 unam
1162 1415 1343 1436 mensuram

775 1449 841 1479 duo
856 1450 952 1490 pedes
967 1447 1225 1491 requirebantur;
1239 1450 1326 1482 unde
1335 1475 1343 1490 ,

775 1496 900 1536 quoties
931 1496 971 1526 ad
996 1496 1196 1528 indicandam
1219 1507 1345 1528 mensur

776 1552 860 1579 ram,
893 1542 945 1572 vel
974 1549 1056 1573 terra
1086 1543 1183 1585 pede,
1213 1543 1263 1574 vel
1292 1546 1344 1574 aer

775 1588 920 1619 manibus
949 1590 1200 1630 percutiebatur,
1224 1591 1343 1631 triplici

773 1635 841 1664 ictu
865 1645 947 1676 opus
972 1643 1048 1667 erat.
1074 1638 1186 1678 Neque
1212 1635 1342 1667 creden-

774 1680 850 1711 dum
872 1692 938 1712 non
955 1682 1045 1713 aliter
1067 1683 1103 1712 in
1123 1682 1248 1713 theatro
1271 1693 1340 1714 ver-

773 1738 825 1757 sus
863 1727 1032 1759 declamari
1072 1727 1184 1760 solitos
1227 1729 1340 1766 fuisse,

773 1773 861 1815 quod
894 1775 1127 1806 intolerabilem
1163 1773 1340 1818 μονοτονίοιν

771 1819 1019 1860 introduxisset3
1061 1821 1117 1851 sed
1154 1822 1189 1851 in
1224 1821 1340 1852 scholis

771 1867 990 1897 tantummodo
998 1889 1006 1904 ,
1018 1866 1091 1897 cum
1106 1867 1336 1908 discipulorum

771 1922 860 1942 aures
882 1913 921 1943 ad
935 1913 1110 1944 harmoniae
1121 1914 1254 1955 poeticae
1268 1923 1338 1944 sen-

771 1969 842 1989 sum
855 1959 1122 1991 informabantur.

821 2015 838 2035 2
847 2016 875 2037 1.
887 2006 979 2035 Forte}
991 2016 1067 2046 epos
1081 2014 1166 2042 acer,
1180 2007 1221 2036 Ut
1230 2015 1334 2042 nemo,

773 2052 805 2080 V
801 2050 887 2081 arius
899 2051 989 2082 ducit
1001 2063 1012 2081 :
1025 2051 1063 2082 de
1077 2051 1175 2082 'Vario
1190 2051 1264 2082 vide
1281 2061 1334 2082 su-

769 2095 844 2138 pra,
864 2097 925 2130 od.
942 2100 975 2135 1,
991 2098 1028 2134 6,
1047 2108 1075 2135 1,
1091 2104 1124 2128 et
1135 2103 1255 2128 notam.
1269 2098 1335 2128 Dte-

770 2143 830 2180 cit,
842 2143 978 2174 verbum
993 2151 1038 2174 est
1048 2144 1146 2185 epicae
1157 2144 1335 2174 narrationi

768 2190 854 2220 recte
864 2187 1153 2228 accommodatum,
1164 2200 1237 2231 quae
1244 2199 1334 2221 even-

768 2242 837 2266 tum
857 2236 993 2278 aliquem
1015 2236 1055 2267 ab
1077 2235 1212 2267 exordio
1234 2235 1273 2266 ad
1294 2234 1333 2266 fi-
