1422 2528
519 92 596 125 un.
616 94 632 124 1
658 91 820 125 suma
841 68 886 124 1i.

1250 91 1314 132 189

147 154 295 195 Audire
314 162 372 194 est
386 166 516 207 operae
534 155 703 206 pretium
724 163 760 202 ⁹,
780 153 994 207 procedere
1015 154 1120 191 recte

95 215 173 266 Qui
190 216 358 256 moechos
374 229 453 254 non
471 216 608 263 vultis,
630 225 672 255 ut
689 215 797 254 omni
811 225 923 267 parte
944 214 1123 253 laborent
1139 243 1150 263 ,

95 279 226 329 thue
244 277 318 316 illis
334 277 456 316 multo
471 286 658 328 corrupta
674 277 810 315 dolore
827 277 1028 328 voluptas,

94 342 223 390 Atque
241 339 324 378 haec
338 352 426 378 rara
439 338 553 378 cadat
570 338 669 377 dura
687 338 789 378 inter
806 339 906 390 saepe
929 338 1087 390 pericla.
1279 350 1311 378 1³0

94 401 168 439 Hic
184 414 224 439 sc
242 400 482 453 praecipitem
499 409 602 439 tecto
624 400 730 439 dedit
740 416 751 449 ;
767 400 831 438 ille
848 400 1010 450 flagellis

93 460 155 499 Ad
172 469 336 499 mortem
352 474 494 510 caesus;
516 462 667 514 fugiens
686 461 751 499 hic
772 460 917 499 decidit
937 473 1065 499 acrem

94 521 322 560 Praedonum
340 522 380 560 in
397 522 552 562 turbam
573 528 623 571 ¹⁰3
641 522 748 561 dedit
761 521 825 560 hic
838 533 911 573 pro
927 533 1093 573 corpore
1112 532 1308 570 nuinm0s3

93 585 207 621 Hunc
222 583 514 634 perminxerunt
532 584 685 622 calones
692 597 702 632 3
722 583 816 634 quin
832 582 948 620 etiam
970 582 1066 620 illud

93 643 263 693 Accidit,
279 651 323 682 ut
338 644 492 683 cuidam
510 653 624 683 testes
640 643 882 694 caudamque
903 642 1067 680 salacem
1278 651 1310 680 45

94 706 318 744 Demeteret
334 703 451 742 ferro.
467 708 489 743 J
493 718 562 743 ure
580 718 724 743 omnes.
749 703 873 744 Galba
890 702 1069 755 negabat.

145 764 283 803 Tutior
305 772 344 802 at
363 763 510 816 quanto
528 779 636 803 merx
654 775 712 803 est
730 764 770 802 in
793 764 914 802 classe
934 762 1102 802 secunda
1122 765 1170 800 ²¹!

93 824 379 865 Libertinarum
397 825 498 874 dico,
518 826 720 865 Sallustius
741 825 781 863 in
799 838 894 876 quas

93 888 181 925 Non
197 886 322 926 minus
339 886 497 935 insanit,
515 888 632 938 quam
648 886 717 938 qui
736 884 970 925 moechatur!
996 888 1046 924 At
1062 884 1146 934 hic,
1170 884 1202 922 si

93 1083 185 1120 optat
209 1076 306 1120 quam
331 1077 480 1109 mulieres
501 1075 573 1109 alba
589 1076 672 1109 stola

93 1125 224 1157 amictas
233 1148 242 1164 ,
254 1125 288 1156 id
301 1132 366 1164 est,
383 1135 495 1168 graves
509 1132 540 1156 et
553 1124 673 1156 hones-

93 1178 140 1203 tas
155 1179 330 1204 matronas.

142 1230 176 1260 9.
194 1219 317 1250 Audire
331 1225 378 1250 est
392 1229 499 1260 operae
510 1218 649 1260 pretium
662 1229 674 1249 :

93 1265 148 1297 hic
168 1276 227 1308 per
244 1265 412 1308 parodiam
428 1266 574 1296 imitatur
597 1266 677 1297 Nos-

94 1312 261 1344 terlocnm
274 1323 316 1344 ex
328 1313 426 1344 Ennii
439 1312 610 1343 annalibus
621 1311 677 1343 de-

97 1367 308 1402 promptum;
338 1358 463 1391 Audire
493 1366 543 1390 est
569 1370 677 1400 operae

90 1407 234 1448 pretium
246 1430 258 1444 ‚
290 1406 468 1448 procedere
499 1406 583 1437 recte
612 1406 678 1447 Qui

95 1462 163 1485 rem
191 1456 376 1486 Romanam
403 1452 597 1494 Latiumque
618 1464 677 1483 αιι-

91 1511 224 1544 gescere
241 1501 356 1533 valtis.
376 1501 428 1533 Sic
453 1501 563 1531 innuit
589 1501 676 1542 gavi-

96 1558 189 1579 suros
204 1558 273 1579 esse
288 1549 346 1590 qui
365 1547 567 1579 moechorum
590 1548 675 1588 peri-

95 1595 168 1626 cula
180 1594 198 1626 a
212 1606 245 1626 se
261 1595 339 1626 mox
363 1594 574 1633 describenda
590 1595 674 1637 lege-

94 1643 173 1675 rint.
183 1659 232 1666 —
242 1644 285 1673 Ut
293 1642 487 1682 omniparte
503 1641 653 1672 laborent
662 1652 674 1672 :

96 1695 134 1721 nt
151 1689 287 1721 nullum·
303 1690 344 1720 sit
364 1689 500 1731 periculi
522 1696 578 1720 aut
599 1699 674 1730 sup-

94 1736 184 1778 plicii
198 1747 300 1779 genus
320 1735 410 1778 quod
430 1747 484 1768 eos
497 1736 611 1777 fugiat.
627 1753 675 1759 —-

94 1785 204 1826 Atque
242 1782 312 1814 haec
345 1793 424 1814 rara
457 1794 468 1814 :
499 1782 675 1813 difficultas

94 1831 183 1862 enim
204 1831 409 1862 occasionem
427 1829 557 1862 fruendi
572 1840 675 1860 raram

93 1877 206 1910 efficit.

147 1935 198 1957 ιο.
214 1924 354 1967 Fugiens
369 1922 421 1955 hic
431 1922 553 1954 decidit
564 1934 674 1954 acrem

94 1969 291 2003 Proedomlm
305 1971 338 2002 in
354 1971 479 2002 turbam
497 1981 509 2001 .·
522 1971 581 2013 qui
594 1981 676 2002 noc·

96 2026 133 2049 tu
147 2025 316 2061 vagantur,
332 2018 489 2049 adulteris
507 2018 576 2049 istis
600 2018 675 2049 insi-

96 2065 163 2096 dias
174 2065 354 2097 molientes.
370 2080 419 2089 --
437 2064 538 2095 Dedit
554 2063 606 2095 lu’e
612 2075 675 2106 pro

95 2123 226 2154 corpore
244 2123 390 2143 nummos
400 2123 412 2142 .·
430 2113 596 2154 pecuniam
609 2111 675 2143 sol-

95 2160 161 2198 vit,
175 2170 216 2190 ne
232 2166 287 2190 ant
297 2166 500 2197 castraretur,
517 2166 574 2190 aut
588 2158 675 2190 aliud

96 2206 247 2248 supplicii
277 2217 378 2249 genus
402 2207 596 2238 incurreret.
626 2222 673 2230 ·--

727 1079 823 1110 Hunc
849 1077 1102 1120 perminoeerune
1135 1077 1266 1108 calones
1297 1090 1308 1108 .-

728 1136 786 1167 per
824 1131 954 1167 turpem
980 1126 1153 1167 imaginem
1189 1124 1311 1157 indicat

728 1179 816 1203 vates
828 1172 1002 1213 saepissime
1019 1171 1186 1202 advenisse
1202 1178 1241 1202 ut
1255 1171 1311 1203 de-

730 1219 896 1261 prehensis
923 1218 1079 1250 adulteris
1106 1219 1154 1249 vis
1181 1218 1314 1251 inferre-

731 1272 795 1303 tur,
803 1265 1049 1306 eripereturque
1059 1263 1227 1306 pudicitia.
1238 1266 1314 1297 Pro-

731 1311 802 1354 prie
817 1311 949 1342 calones
971 1310 1215 1352 appellabantur
1227 1314 1312 1344 servi

730 1360 789 1400 qui
807 1358 918 1390 focum
935 1358 1025 1401 ligno
1043 1358 1266 1398 instruebant,
1293 1359 1313 1391 a

730 1416 811 1436 voce
834 1404 954 1448 graeca,
974 1405 1083 1437 κοῖλον.
1100 1422 1147 1428 -
1171 1407 1279 1437 Testes
1300 1418 1312 1437 :

731 1453 906 1484 testiculos.
924 1470 972 1476 —-·
995 1451 1210 1494 Caudamque
1225 1453 1313 1484 sala·

730 1510 799 1531 cem
826 1510 838 1530 :
863 1500 1041 1530 mentulam
1071 1500 1122 1530 sui
1149 1501 1311 1541 impoten-

730 1553 811 1585 tem,
830 1547 893 1578 sibi
906 1554 1084 1590 temperare
1100 1547 1252 1579 nesciam.
1263 1565 1312 1572 —

729 1596 807 1624 Iure
822 1605 934 1625 omnes
948 1605 960 1625 .-
981 1594 1122 1625 snbandi
1133 1616 1142 1632 ‚
1159 1594 1311 1626 dicebant

729 1641 895 1677 illudsssse
911 1641 1046 1673 factum.
1067 1659 1114 1664 —-
1131 1641 1240 1672 Galba
1255 1653 1310 1672 ne-

724 1688 831 1731 gabat
857 1699 869 1719 :
898 1689 1127 1720 celeberrimus
1152 1689 1311 1729 juriscon-

727 1735 850 1775 sultus,
876 1735 1028 1777 idemque
1059 1736 1200 1768 famosus
1225 1735 1314 1767 adul-

730 1789 790 1821 ter,
816 1783 909 1822 cujus
933 1781 1190 1824 impudicitiam,
1217 1784 1310 1824 quasi

730 1829 939 1868 transeundo,
956 1836 1056 1861 notat.

782 1887 834 1909 11.
862 1877 974 1907 Tutior
1001 1884 1039 1908 at
1064 1877 1186 1917 quami)
1219 1887 1312 1908 merx

730 1923 823 1954 estin
841 1923 945 1955 classe
958 1922 1103 1955 secundd
1122 1935 1133 1955 :
1147 1924 1232 1955 inter
1246 1935 1310 1956 ma-

730 1976 839 2002 tronas
870 1977 903 2001 et
939 1973 1124 2002 meretrices
1173 1971 1311 2002 mediam

729 2017 860 2048 classem
894 2019 1056 2057 instituit,
1084 2018 1313 2049 libertinarum

730 2065 868 2103 scilicet,
893 2066 928 2095 in
954 2065 1017 2107 quai
1039 2064 1147 2096 minus
1172 2065 1313 2095 infamiae

731 2111 828 2143 simul
844 2110 1015 2154 minixsque
1029 2112 1227 2154 periculi.--
1241 2112 1313 2142 Sal-

731 2158 844 2190 lustius
858 2158 892 2189 in
911 2170 992 2200 quas
1010 2161 1087 2191 Non
1104 2158 1210 2189 minias
1224 2158 1311 2188 insa-

731 2205 788 2243 nit,
809 2206 908 2248 quam
923 2206 980 2248 qui
1004 2205 1181 2239 moeclcatur
1195 2217 1206 2236 .·
1223 2204 1310 2236 idem
