1422 2528
497 123 578 154 LIB.
602 123 635 153 V
660 123 749 154 oDE
773 124 867 156 XVI.

1235 125 1299 160 143

76 183 203 233 Agros
217 189 334 232 atque
352 182 471 220 Lares
484 180 648 233 patrios,
665 179 959 233 habitandaque
974 181 1062 220 fana

183 242 302 293 Apris
319 242 477 293 reliquit
496 251 535 280 et
553 241 762 294 rapacibus
782 243 883 295 lupis
896 273 906 293 ‚
1269 261 1302 278 ιο

82 307 166 350 Ire,
185 304 305 356 pedes
325 302 571 356 quocumque
592 303 718 341 ferent
737 311 752 335 7
763 332 773 351 ,
791 303 1041 356 quocumque
1062 318 1133 357 per
1149 304 1273 343 undas

190 367 316 404 Notus
331 363 501 412 vocabit,
521 372 588 402 aut
606 372 818 415 protervus
837 365 1007 403 Africus.

86 423 150 464 sic
166 425 380 477 placeth
396 425 532 463 melius
552 425 639 476 quis
660 423 779 462 habet
799 425 989 463 suadere?
1013 426 1183 464 secunda

194 488 330 525 Ratem
351 499 544 538 occupare
559 485 655 537 quid
675 498 875 524 moramur
892 486 1012 525 alite?

88 547 163 588 sed
171 547 346 600 juremus
365 547 405 585 in
420 547 504 585 haec
523 546 538 570 ⁸
556 563 565 584 :
584 547 697 585 simul
713 547 800 585 imis
816 561 907 586 saxa
928 548 1101 587 renarint
1276 559 1307 584 25

195 609 313 648 Vadis
326 610 470 657 levata,
489 622 538 647 ne
558 608 688 647 redire
704 609 753 647 sit
771 609 902 656 nefas,

89 673 176 710 Neu
194 683 382 709 conversa
403 670 563 708 domum
581 670 711 722 pigeat
725 669 818 708 dare
835 671 974 719 lintea,
991 668 1147 722 quando

197 731 324 770 Padus
342 732 491 770 Matina
511 732 651 770 laverit
664 731 884 780 cacumina;

93 796 139 832 In
159 805 265 835 mare
279 795 348 831 seu
367 793 491 832 celsus
508 792 754 844 procurrerit
773 792 1020 845 Apenninus3

198 854 392 904 Nov5que
416 861 589 892 monstra
606 862 623 885 ⁹
637 853 812 905 junxerit
834 852 995 891 libidine
1279 862 1310 887 30

91 1036 244 1081 profugit
251 1044 427 1069 exsecrata
441 1036 554 1068 civitas
572 1047 584 1068 .·
595 1036 681 1068 Pho-

96 1086 154 1117 caei
168 1085 285 1116 incolae
300 1085 434 1115 fuerunt
445 1091 478 1115 et
496 1086 584 1115 cives
598 1084 682 1115 Pho-

97 1142 191 1170 coeae,
215 1142 289 1174 quae
312 1133 434 1170 Ioniae,
454 1133 491 1162 in
511 1130 590 1163 Asia
614 1132 681 1163 Mi-

96 1180 184 1217 nori,
202 1179 283 1210 urbs
297 1185 366 1209 erat
377 1201 386 1217 ,
396 1178 440 1209 ita
457 1179 545 1209 dicta
559 1177 577 1209 a
595 1178 682 1209 mul-

98 1226 242 1258 titudine
254 1225 452 1268 phocarum,
475 1227 544 1256 sive
565 1225 684 1256 vitulo-

100 1283 176 1304 rum
212 1274 415 1304 marinorum
426 1295 436 1311 ‚
468 1273 526 1314 qui
566 1273 682 1303 urbem

101 1319 321 1351 condentibus
332 1320 418 1351 cirea
435 1320 499 1350 hoc
517 1318 610 1350 littus
626 1330 683 1361 ap-

100 1374 292 1410 paruerunt.
307 1367 448 1404 Phoc-aei,
462 1366 596 1398 assiduis
607 1369 683 1398 Per-

103 1424 212 1446 sarum
245 1413 340 1445 bellis
377 1415 505 1451 vexati,
547 1414 684 1454 patriam

103 1461 271 1493 communi
289 1471 450 1492 consensu
464 1460 666 1501 reliquerunt
675 1482 685 1498 ,

105 1506 250 1550 dirisque
274 1506 552 1539 exsecrationibus
571 1518 604 1538 se
633 1507 687 1538 de-

106 1561 288 1593 voverunt,
308 1555 336 1585 si
351 1554 484 1595 quando
501 1553 616 1584 eodem
636 1565 687 1585 re·

107 1601 228 1633 dirent.
237 1599 338 1632 Varia
348 1600 465 1632 deinde
476 1600 608 1632 fortuna
618 1602 668 1632 usi
675 1623 686 1640 ‚

109 1647 239 1680 tandem
261 1648 299 1679 in
312 1647 452 1679 Galliam
468 1647 567 1678 delati
593 1655 688 1688 sunt,

108 1695 168 1727 ubi
182 1695 359 1727 Massiliam
377 1694 563 1727 condidere.
582 1697 604 1726 J
607 1706 663 1727 uv.

161 1753 193 1783 7.
209 1743 275 1780 Ire,
291 1741 393 1784 pedes
415 1753 618 1784 quocumque
629 1740 692 1784 fe-

111 1797 186 1821 rent
195 1813 207 1828 ‚
225 1796 286 1822 etc.
302 1799 311 1822 ε
326 1790 421 1830 quasi
433 1789 556 1820 diceret
570 1799 578 1820 :
594 1790 690 1820 Parvi

113 1837 213 1879 refert
231 1837 268 1867 in
296 1846 395 1878 quam
420 1838 588 1879 regionem
625 1837 692 1867 sive

113 1884 275 1922 terrestri,
297 1882 366 1914 sive
395 1884 559 1914 maritimo
578 1884 694 1914 itinere

115 1930 310 1968 deferamur,
342 1929 523 1961 dnmmodo
549 1929 647 1972 longe
676 1929 695 1961 a

115 1976 222 2010 Romi
235 1977 449 2009 discedamus.
471 1995 520 2002 --
545 1974 696 2007 Secunda*

116 2024 199 2055 alite
211 2035 223 2055 .-
235 2024 363 2055 funesta
374 2035 442 2055 esse
453 2031 621 2065 nequeunt
633 2034 694 2054 no-

116 2070 168 2102 bis
181 2070 379 2102 abeuntibus
391 2072 544 2113 auspicia.
554 2087 601 2095 --
611 2070 700 2112 Quid

119 2127 284 2149 moramur
305 2129 316 2149 :
332 2119 516 2160 impatienti
539 2117 592 2148 vel
606 2118 699 2148 levis-

117 2165 199 2195 sima
218 2175 310 2197 mora
330 2165 462 2196 tarditas
489 2172 521 2196 et
546 2165 698 2207 segnities

119 2210 260 2243 videtur.

117 2296 123 2299 ,
166 2257 202 2290 Βῖ
217 2236 432 2301 Sedjuremlss
446 2258 480 2291 in
493 2258 562 2291 hcec
578 2270 590 2290 .-
609 2264 646 2290 ut
663 2258 699 2288 in

735 1037 797 1069 ode
812 1035 1009 1079 praecedenti
1020 1058 1029 1075 ,
1047 1046 1079 1067 v.
1098 1040 1117 1072 4
1128 1057 1137 1073 ,
1160 1033 1195 1065 in
1210 1033 1315 1065 'verba

728 1084 869 1127 jurabas
903 1094 998 1122 mea,
1029 1083 1219 1113 sacramenti
1252 1081 1316 1112 for-

736 1132 839 1162 mulas
868 1133 938 1173 ipse
966 1131 1175 1172 pronuntiat,
1203 1127 1249 1159 ita
1278 1134 1318 1158 ut

735 1180 792 1220 qui
808 1189 878 1209 sese
893 1177 932 1208 ad
954 1188 1006 1208 eas
1032 1176 1224 1219 adigebant,
1241 1185 1317 1206 con·

736 1225 836 1267 ceptis
855 1225 968 1256 verbis
987 1225 1097 1264 jurare
1117 1223 1318 1260 dicerentur,

736 1271 826 1315 quod
863 1280 932 1303 erat
971 1271 1207 1302 sanctissimum
1241 1267 1318 1300 fidei

737 1320 820 1350 datae
833 1318 931 1350 simul
940 1325 973 1349 et
987 1325 1126 1360 acceptae
1134 1315 1318 1348 vinculum.

736 1365 824 1399 Tum
843 1367 952 1397 omnia
969 1364 1185 1406 impossibilia
1209 1363 1319 1404 agglo—

739 1420 924 1444 meraturus
944 1420 1011 1450 est,
1027 1422 1100 1452 quae
1120 1410 1227 1441 tamen
1247 1409 1321 1441 fieri

740 1460 928 1498 debebunt,
950 1457 1139 1501 prinsquam
1159 1458 1246 1488 cives
1264 1467 1320 1487 na-

741 1507 838 1538 talem
862 1513 980 1537 terram
1015 1512 1172 1547 repetant.
1195 1522 1245 1528 —-
1269 1505 1322 1534 Ne

743 1553 848 1585 redire
870 1553 912 1583 sic
939 1552 1035 1595 nefas
1049 1563 1062 1582 .·
1078 1560 1116 1583 ut
1131 1550 1211 1582 tunc
1227 1550 1321 1582 deni·

743 1601 806 1642 que
827 1603 966 1632 Romam
983 1599 1090 1630 redire
1106 1609 1173 1630 non
1191 1600 1232 1628 sit
1255 1608 1323 1629 sce-

739 1648 810 1687 lus,
821 1647 881 1678 ubi
898 1658 986 1678 saxa
1004 1646 1022 1677 ὲ
1042 1645 1211 1688 profundo
1226 1646 1324 1675 maris

743 1694 917 1725 enatantia
945 1693 1044 1735 snpra
1075 1693 1179 1723 undas
1204 1692 1325 1733 quibus

744 1742 950 1783 operiuntur,
973 1741 1186 1771 fluitaverint.
1198 1757 1246 1761 —
1258 1741 1326 1770 Pa—

745 1789 805 1819 dus
834 1799 846 1818 :
868 1788 991 1819 fluvius
1008 1787 1108 1818 Italiae
1126 1786 1277 1829 (gallice,
1294 1785 1326 1816 Ie

746 1833 815 1876 Ρό)
831 1834 849 1866 ὲ
865 1835 994 1866 Matino
1005 1857 1014 1872 ,
1032 1833 1190 1866 Calabriae
1214 1838 1327 1864 monte

747 1882 896 1913 ducentis
915 1881 981 1912 fere
1002 1881 1104 1912 leucis
1131 1880 1262 1911 distans.
1278 1896 1327 1903 —-

748 1931 789 1960 In
821 1940 912 1960 mare
934 1929 988 1960 se&
1010 1929 1114 1959 celsus
1126 1926 1329 1969 procurrerit

749 1976 944 2017 Apenninus
966 1986 977 2006 :
1003 1986 1098 2006 mons
1118 1975 1243 2006 Italiam
1265 1985 1330 2016 me-

750 2023 836 2054 diam
863 2023 881 2054 a
910 2024 1131 2064 septentrione
1160 2021 1201 2053 ad
1234 2016 1331 2051 meri-

750 2069 853 2108 diem,
878 2069 976 2112 quam
1006 2069 1105 2111 longa
1135 2076 1200 2107 est,
1233 2069 1331 2098 inter-

751 2128 881 2155 secans,
903 2123 1000 2158 atque
1021 2116 1095 2147 ideo
1109 2115 1188 2147 hinc
1207 2121 1239 2145 et
1254 2112 1332 2145 inde

751 2165 793 2195 ab
828 2171 971 2206 utroque
1002 2165 1085 2195 mari
1124 2160 1335 2203 disjunctissi-

752 2222 837 2243 mus.
1306 2247 1314 2256 ι

801 2268 834 2300 9.
860 2259 1010 2290 Monstra
1033 2267 1044 2287 :
1065 2267 1132 2288 non
1151 2257 1187 2287 in
1201 2265 1252 2293 se,
1268 2257 1336 2284 no'n
