1422 2528
111 114 172 145 160

487 119 529 158 Q.
553 117 735 149 HORATII
758 119 911 152 FLACCI
1023 136 1040 151 s

211 172 279 210 Dis
290 201 300 219 ,
329 173 468 223 quibus
487 184 631 225 septem
646 177 824 226 placuere
843 179 970 226 colles,
1019 224 1024 229 Ι

303 230 310 238 ”
422 234 558 271 Dicere
573 247 736 274 carmen.

218 293 327 330 Alme
345 294 410 331 Sol
430 302 455 342 ²,
476 308 592 332 curru
612 297 734 334 nitido
754 297 855 335 diem
873 298 941 347 qui

214 353 357 390 Promis
377 362 413 390 et
428 355 546 400 celas,
563 355 734 405 aliusque
755 365 792 394 et
811 357 913 394 idem
1265 373 1294 389 ¹⁰

212 413 405 459 Nasceris,
424 415 544 463 possis
563 415 658 452 nihil
678 415 774 453 urbe
793 419 916 454 Roma

421 474 554 511 Visere
573 475 711 524 majus!

213 532 299 569 Rite
317 541 484 570 maturos
501 534 651 584 aperire
667 543 800 585 partus

214 592 326 629 Lenis
342 593 494 642 Ilithyia
511 594 544 642 ³,
566 603 672 632 tuere
691 604 844 643 matres,

214 651 301 690 Sive
316 661 357 689 tu
370 653 514 690 Lucina
530 653 670 703 prebas
687 655 837 701 vocari,
1207 706 1209 708 q
1267 663 1297 687 ¹⁵

423 715 498 750 Seu
515 714 709 751 Genitalis.

211 771 328 819 Diva,
347 772 535 822 producas
555 772 745 819 sobolem,
764 775 995 824 Patrumque

214 834 418 882 Prosperes
431 832 583 869 decreta
601 834 715 882 super
731 833 906 883 iugandis

212 892 392 940 Feminis,
418 893 612 943 prolisque
630 905 739 930 novae
759 893 877 930 feraci

423 954 523 1002 Lege
538 953 696 998 maritz⁶15

1268 969 1301 987 2⁴)

214 1011 347 1047 Certus
362 1009 533 1047 undenos
552 1009 675 1048 decies
696 1024 765 1062 per
779 1025 899 1050 annos

111 1179 239 1210 alternis
259 1185 418 1209 canerent.
443 1195 490 1203 -—-
507 1177 586 1217 Dfs,
605 1180 675 1221 qui-

111 1225 167 1255 bus
181 1230 299 1265 septem
308 1223 459 1264 placue‘re
474 1226 571 1257 colles
584 1237 595 1255 .·
607 1228 676 1257 Diis

113 1274 224 1303 Romae
236 1271 482 1312 protectoribus.

161 1328 191 1347 2.
225 1317 323 1347 Alme
346 1317 404 1347 Sol
424 1329 436 1347 .·
461 1317 534 1347 duae
555 1316 678 1358 priores

111 1362 251 1404 stropbae
265 1362 305 1392 ab
323 1371 461 1404 utroque
477 1363 575 1393 choro
597 1365 677 1394 reci-

112 1417 184 1441 tatae
197 1415 290 1446 suut3
311 1408 400 1440 nuuc
421 1419 478 1450 per
499 1409 583 1439 solos
603 1420 679 1450 pue-

114 1466 166 1486 ros
179 1454 217 1486 fit
238 1455 399 1486 introcatio
418 1455 458 1485 ad
481 1455 677 1496 Apollinem.

113 1519 160 1526 --
180 1500 274 1532 Diem
290 1501 347 1542 qui
367 1501 490 1531 Promis
505 1508 537 1530 et
556 1501 643 1531 celas
667 1512 678 1530 :

111 1546 244 1589 promis,
273 1546 367 1588 super
388 1547 553 1577 horizonta
572 1557 679 1577 ascen-

113 1593 238 1630 dend0;
255 1593 360 1629 celas,
381 1592 459 1623 dum
471 1593 575 1623 lucem
590 1600 679 1623 tuam

112 1638 291 1672 recedendo
310 1638 489 1670 abscondis.
513 1657 558 1662 --
574 1639 679 1669 Alius-

113 1698 175 1729 que
204 1692 236 1716 et
262 1685 347 1716 idem
372 1684 522 1715 Nasceris
543 1696 554 1715 :
584 1687 679 1715 Astre

111 1734 250 1775 tonjours
278 1732 308 1762 Ie
340 1729 460 1768 ιηέιηε,
493 1738 578 1761 astte
609 1739 677 1761 tou-

104 1781 197 1823 jours
223 1788 388 1814 nouveau;
425 1779 595 1816 Racinius,
622 1779 679 1808 Re-

112 1826 213 1869 ligion
229 1828 244 1856 I
253 1847 264 1861 ,
290 1826 326 1854 in
351 1825 455 1855 initio.
473 1826 516 1855 H.
533 1835 562 1855 e.
581 1834 590 1855 ε
608 1825 676 1862 Τιι,

112 1874 186 1914 qui,
216 1870 359 1912 quamvis
386 1870 468 1900 nihil
496 1871 532 1900 in
563 1870 678 1900 natura

114 1917 168 1949 tua
201 1923 359 1947 mutatum
393 1916 506 1955 fuerit;
535 1917 679 1957 quamvis

113 1974 199 1995 unus
220 1969 252 1993 et
266 1962 350 1992 idem
366 1962 489 2003 semper
501 1972 678 2000 remaneas,

113 2009 199 2040 tanta
233 2008 338 2039 tamen
375 2010 551 2047 majestate,
588 2014 677 2038 tanto

112 2055 280 2098 splendore
322 2065 489 2085 coruscans
532 2054 677 2095 quotidie

112 2103 301 2139 renasceris,
323 2107 359 2131 ut
378 2111 499 2131 novum
516 2100 678 2141 quoddam

112 2158 260 2190 appareas
274 2148 450 2178 ‘creationis
467 2147 656 2178 miraculum
667 2169 676 2185 ,

111 2202 142 2226 et
154 2205 214 2226 nos
229 2193 265 2226 οέι
280 2193 489 2226 admiratione
504 2193 656 2235 percellas
665 2215 676 2232 ,

730 1191 828 1222 quam
863 1180 904 1211 ad
931 1179 1113 1223 prodigium
1142 1178 1298 1212 hactenus

729 1237 796 1257 non
810 1227 913 1257 visum
927 1228 1119 1268 experimur.
1142 1227 1299 1268 vulgares

730 1278 762 1302 et
788 1271 918 1314 prorsus
932 1274 1066 1304 Horatio
1083 1272 1230 1314 indignas
1253 1274 1300 1303 in-

730 1320 971 1358 terpretationes
999 1319 1090 1349 silere
1120 1318 1217 1360 quem
1249 1330 1298 1350 re-

730 1363 838 1394 fellere
849 1365 945 1394 satius
962 1371 1018 1395 est.
1031 1382 1078 1388 —-
1093 1364 1199 1395 Possis
1219 1364 1301 1396 nihil

731 1409 804 1439 urbe
822 1407 926 1440 Romd
946 1409 1054 1440 Visere
1080 1410 1204 1452 majus!
1227 1421 1299 1442 ver-

730 1454 848 1485 borum
861 1454 1093 1497 magnificentia
1105 1459 1217 1488 Romae
1231 1467 1297 1488 ma-

727 1501 821 1540 jestas
840 1508 994 1542 aequatur.

779 1548 810 1578 3.
838 1547 908 1577 Rite
930 1555 1070 1578 maturos
1087 1547 1210 1588 aper-ire
1220 1559 1299 1590 par-

732 1600 780 1623 tus
792 1593 886 1623 Lenis
901 1593 1034 1632 Ilithyia
1048 1605 1060 1624 .-
1077 1594 1193 1625 chorus
1204 1595 1295 1636 puel-

731 1639 834 1669 larum
844 1649 953 1680 preces
965 1639 1003 1669 ad
1013 1641 1146 1670 Dianam
1155 1641 1297 1672 inchoat.

732 1684 828 1715 Lenis
874 1684 1014 1726 aperire,
1055 1697 1113 1728 per
1148 1685 1296 1718 hellenis-

731 1741 836 1768 mum,
859 1742 918 1772 pro
939 1731 1147 1769 auxiliatrix-,-
1159 1732 1297 1774 benigna

731 1778 766 1806 in
781 1777 979 1818 proferendis
991 1780 1122 1809 maturis
1129 1779 1296 1819 partubus.

731 1824 779 1853 De
787 1825 917 1854 nomine
927 1824 1066 1865 Ilithyiae
1077 1831 1109 1855 et
1116 1825 1244 1855 Lucinae
1250 1826 1296 1855 vi-

730 1869 769 1900 de
779 1870 890 1911 supra,
905 1869 969 1902 Od.
984 1871 1044 1908 111,
1057 1881 1115 1907 22,
1135 1880 1152 1900 2
1164 1892 1174 1908 ,
1191 1877 1223 1901 et
1236 1881 1295 1902 no-

730 1922 794 1946 tam
808 1917 843 1946 in
858 1915 890 1947 h.
908 1916 931 1947 l.
955 1933 1001 1940 ---
1024 1916 1187 1946 Producas
1203 1916 1293 1947 sobo-

731 1962 792 1992 lem
808 1973 819 1991 .-
833 1961 1084 2003 parturientibus
1097 1961 1141 1992 iul
1155 1962 1242 1999 fave,
1259 1970 1295 1993 ut

729 2008 852 2049 prolem
865 2018 972 2038 sanam
987 2013 1017 2038 et
1025 2009 1179 2048 integram
1189 2007 1293 2040 edant.

729 2056 944 2094 —Prosperes
949 2054 1090 2084 decreta:
1097 2054 1198 2095 legem
1205 2056 1296 2084 mari-

730 2107 806 2138 tam,
810 2100 875 2131 sive
882 2100 922 2130 de
927 2099 1116 2134 marimudis
1123 2099 1297 2138 ordinibus,

730 2147 769 2177 ab
787 2149 936 2189 Augusto
947 2146 1043 2177 latam
1057 2145 1220 2188 intelligit,
1232 2146 1296 2188 qua

729 2193 833 2224 honos
851 2200 882 2224 et
902 2193 955 2236 jus
974 2193 1123 2234 legitimis
1141 2192 1298 2235 conjugiis
