1422 2528
494 144 575 182 ΠΒ.
598 149 616 180 1
639 147 814 183 sunu.
823 147 902 180 vn.

1238 151 1306 187 ²49

86 212 140 248 At
155 207 560 258 Graecusfflstquhm
579 215 638 245 est
657 206 754 246 Italo
770 205 951 257 perfusus
972 212 1083 242 aceto
1101 203 1139 252 ⁸,

88 269 244 310 Persius
259 268 475 306 exclamat:
493 285 509 303 α
525 270 599 307 Per
616 280 774 319 magnos
786 297 797 315 ,
817 270 936 306 Brute
947 295 958 315 ,
978 269 1083 322 Deos
1096 275 1135 305 te

90 333 217 376 »Oro,
237 329 306 380 qui
325 341 435 379 reges
447 330 646 368 consueris
668 329 822 374 tollere,
843 331 914 366 ciu-
932 341 1013 365 non

91 391 382 441 »HuncRegem
385 390 726 442 jugulas?operum
733 389 822 438 hoc,
829 387 1059 437 mihicrede,
1067 391 1356 425 tuorumest.»3⁵

95 548 169 581 dem
182 558 254 580 non
270 548 333 579 nisi
346 546 458 579 adulto
474 554 506 579 et
518 554 672 591 vergente

95 598 132 628 in
155 602 298 628 atatem
320 595 398 627 vere
429 596 518 626 canit
548 605 557 627 ε
585 594 673 626 unde

95 644 218 676 fuctum
241 650 308 682 est,
332 643 443 685 inquit
470 642 612 681 Plinius,
635 649 674 673 ut

97 691 312 729 vinitoribus,
336 691 435 722 vitem
457 690 530 720 sero
559 696 675 731 putan-

98 739 205 776 tibus,
232 737 352 769 cuculli
374 737 508 768 nomine
536 738 672 776 iterato,

98 785 222 818 desidia
237 785 466 827 exprobretur.

146 833 180 865 8.
202 832 290 864 Italo
308 839 401 863 aceto
431 842 442 862 :
468 832 674 862 continuatio

98 887 146 912 est
177 879 356 922 superioris
392 877 609 919 metaphorae;
644 885 676 908 at

97 928 238 966 Persius,
264 927 366 958 homo
388 936 534 968 graecus,
561 925 674 956 saltem

96 982 234 1018 paterno
260 983 393 1016 genere,
418 972 478 1004 ubi
501 983 534 1003 se
559 973 675 1003 amaris

96 1022 243 1064 Rupilii,
266 1021 410 1052 hominis
433 1019 530 1056 Itali,
562 1021 674 1050 convi-

95 1070 154 1101 ciis
170 1069 262 1102 omni
280 1075 374 1100 aceto
397 1067 577 1098 acrioribus
595 1078 673 1108 pro-

93 1116 201 1148 lutum
221 1115 313 1148 vidit.
336 1133 384 1142 --
403 1113 468 1156 Qui
490 1125 582 1157 reges
600 1125 674 1145 con-

95 1162 197 1194 sue‘ris
225 1163 339 1195 tollere
366 1174 379 1193 .·
399 1162 521 1194 Junius
552 1163 673 1194 Brutus

95 1211 294 1254 Tarquinio,
335 1221 409 1254 rege
446 1211 673 1242 Romanorum

727 547 888 589 septimo,
916 553 1054 585 exacto,
1086 544 1202 576 consul
1241 544 1308 586 pri-

727 605 801 625 mus
822 594 927 624 factus
949 601 1007 625 est.
1032 593 1087 624 Ab
1110 603 1149 623 eo
1167 591 1308 622 ducebat

728 642 887 683 originem
920 642 1054 672 Marcus
1081 642 1219 678 Brutus,
1250 639 1309 681 qni

730 690 888 721 Caesarem
923 699 1062 730 regnum
1100 687 1308 718 affectantem

731 736 914 773 occiderat,
934 736 979 767 ita
998 742 1036 766 ut
1056 734 1250 777 regicidium
1271 735 1308 764 in

730 784 824 814 istius
857 783 985 814 familiae
1016 781 1309 819 consuetudinem,

731 831 893 861 transiisse
925 830 1103 861 videretur.
1140 826 1311 861 Consudris

729 888 789 919 per
804 888 974 920 syncopen
993 888 1075 919 pro,
1095 874 1309 909 consueveris.

729 941 777 947 —
794 924 858 955 Cia
869 936 937 955 non
964 925 1061 955 Hunc
1079 926 1200 967 Regem
1212 923 1310 966 jugu-

731 971 807 1002 las?
837 972 923 1003 ludit
948 971 1154 1013 frigidissime
1182 972 1310 1002 Persius

730 1019 767 1049 in
806 1018 870 1050 hoc
913 1019 1011 1061 Regis
1052 1024 1311 1061 cognomentum

729 1065 820 1108 quod
835 1067 989 1109 Rupilius
1002 1073 1180 1108 acceperat.
1197 1067 1311 1097 Unum

728 1120 776 1145 est
810 1125 852 1144 ex
888 1113 1028 1145 inficetis
1064 1115 1132 1145 istis
1166 1112 1311 1144 dicteriis

727 1171 800 1203 quae
815 1159 831 1191 ὲ
847 1161 949 1194 Gallis
964 1161 1190 1205 calembourgs
1206 1158 1310 1192 nomi-

726 1215 860 1241 uantur.
