1422 2528
149 133 191 171 98
531 136 570 174 Q.
596 134 778 166 nonA‘rn
801 137 950 170 FLAcm

356 205 370 222 »
388 190 505 227 Petita
525 191 627 228 ferro
645 191 796 230 bellua?
810 211 825 227 n
1298 219 1329 234 ι.

252 251 304 286 Ut
323 250 404 286 haec
425 251 600 288 trementi
619 261 773 300 questus
793 265 860 291 ore
878 255 1045 294 constitit

352 309 565 357 Insignibus
584 311 704 360 raptis
722 311 736 333 ³

755 326 865 362 puer,

248 366 408 416 Impube
425 380 562 417 corpus
572 396 582 414 ,
601 371 711 418 quale
726 381 851 420 posset
866 373 981 422 impia

351 426 500 463 Mollire
517 426 707 464 Thracum
721 439 895 478 pectora3

249 485 406 522 Canidia
420 484 602 524 brevibus
623 487 815 538 implicata
832 491 972 540 viperis
1296 504 1326 528 ιε

352 544 484 581 Crines
500 552 537 580 et
554 545 788 595 incomptum
804 556 938 598 caput,

247 604 267 637 J
273 601 363 638 ubet
384 603 565 651 sepulcris
586 605 782 653 caprificos
798 615 945 651 erutas,

351 663 371 696 J
377 660 466 698 ubet
482 675 681 711 cupressus
701 663 878 702 funebres
891 694 900 711 ,

250 722 296 755 Et
316 728 430 756 uncta
450 721 572 770 turpis
593 735 664 758 ova
682 735 782 759 ranae
802 724 1002 774 sanguine,

351 780 596 829 Plumamque
611 790 804 819 nocturnae
824 783 966 833 strigis,
1292 805 1322 821 ,ο

248 837 489 887 Uenusque,
509 852 602 888 quas
616 841 738 878 Iolcos
758 849 871 892 atque
890 842 1048 883 Hiberia

348 899 485 946 Mittit,
499 911 732 937 venenorum
751 901 855 938 ferax
867 929 879 948 ,

86 1092 90 1093 ⁷
140 1102 214 1122 nem
233 1101 306 1121 cnm
334 1091 482 1120 maternis
508 1091 608 1121 titulis
627 1102 708 1132 quos

140 1137 235 1167 modi)
248 1137 441 1177 imploravit.
452 1154 499 1160 -
508 1137 614 1167 Petita
614 1137 708 1178 ferro

141 1183 248 1213 bellna
264 1193 274 1211 .·
290 1191 361 1222 quae
379 1192 419 1211 ex
433 1182 559 1212 inflicto
576 1184 708 1214 vulnere

139 1239 241 1260 novos
264 1227 386 1258 furores
402 1229 554 1268 concipit.

190 1276 220 1304 3.
248 1273 428 1315 Insignibus
456 1274 575 1314 raptis:
592 1275 708 1314 praeter

140 1321 226 1351 illam
238 1319 277 1349 de
289 1318 351 1359 qua
365 1319 460 1349 mods)
475 1321 619 1357 memini,
632 1331 709 1360 prae-

140 1373 277 1403 textam,
290 1365 526 1395 ‘numerabatur
546 1364 639 1395 etiarn
660 1368 709 1396 in-

140 1420 189 1442 ter
203 1412 339 1452 insignia
351 1411 483 1451 puerilis
492 1412 590 1440 aetatis
599 1434 607 1449 ‚
622 1411 708 1442 bulla

140 1458 301 1488 infantum
325 1457 408 1487 collo
437 1456 573 1497 ap‘pendi
598 1457 704 1494 solita,

141 1513 235 1533 aurea
257 1503 308 1532 vel
333 1510 473 1540 scortea,
487 1504 586 1532 instar
609 1503 706 1533 bullae

140 1549 380 1579 intumescentis
402 1549 436 1578 in
461 1548 559 1588 aqua,
582 1555 636 1578 aut
650 1549 708 1578 hu-

141 1595 228 1625 mani
242 1593 361 1630 cordis,
370 1594 538 1624 Macrobio
550 1601 627 1624 teste
637 1605 645 1631 3
657 1601 706 1631 ut,

140 1641 246 1681 inquit
277 1640 349 1676 ille,
384 1637 476 1680 pueri
512 1650 579 1670 eam
613 1641 710 1679 inspi-

140 1687 257 1716 cientes
272 1687 449 1726 cogitarent
469 1683 512 1714 ita
531 1696 563 1715 se
577 1684 708 1715 demum

138 1732 282 1762 homines
293 1731 360 1761 fore
372 1731 399 1760 si
408 1730 503 1761 corde
513 1738 708 1771 praestarent.

139 1795 185 1801 --
198 1777 329 1818 Impube
351 1787 462 1817 corpus
476 1787 487 1806 .·
504 1777 590 1807 unde
606 1777 707 1815 major

140 1833 240 1864 puero
263 1822 488 1863 pulchritudo,
508 1823 607 1860 major
625 1831 705 1862 quo-

142 1879 205 1909 que
238 1867 379 1899 Canidiae
414 1867 584 1898 crudelitas
617 1877 704 1897 acce·

139 1915 197 1944 dit.
210 1931 257 1938 —·
271 1914 375 1954 Quale
386 1925 397 1943 :
417 1913 479 1943 tam
499 1914 594 1943 molle
612 1920 644 1943 et
663 1920 705 1943 te-

139 1971 253 1990 nerum
264 1983 272 1998 ‚
286 1966 339 1996 ut,
355 1966 416 1991 etc.
429 1977 476 1982 —
488 1959 633 1989 Brevibus
643 1958 702 1988 im-

136 2006 260 2046 plicata
290 2004 410 2045 viperis
435 2005 564 2035 Crines:
585 2005 704 2035 furialis

139 2057 307 2093 apparatus
321 2058 499 2081 terrestrem
511 2052 638 2081 Furiam
652 2050 705 2080 de-

139 2105 199 2128 cet.
214 2114 260 2120 —-
278 2097 435 2137 Sepulcris
458 2096 622 2139 caprificos
639 2107 706 2126 em-

141 2152 190 2174 tas
205 2143 315 2184 :ligna
337 2143 453 2172 sterilia
469 2153 504 2172 ac
527 2142 666 2172 infelicia
688 2142 705 2171 ὲ

141 2189 292 2230 sepulcris
326 2189 431 2219 avulsa
442 2211 450 2226 ,
474 2188 624 2228 tanquam
657 2188 706 2218 in·

762 1094 858 1125 fernis
876 1095 971 1125 sacris
995 1095 1118 1135 debita,
1132 1098 1261 1131 incendi
1276 1101 1326 1140 ju-

761 1140 834 1178 bet3
853 1147 899 1171 est
914 1141 1018 1172 autem
1043 1142 1211 1184 caprificus
1234 1146 1251 1176 ὲ
1272 1147 1325 1176 sil-

761 1187 857 1216 vestri
891 1185 971 1216 ficus
1000 1199 1131 1229 genere,
1159 1190 1325 1231 nunquam

761 1238 973 1262 maturescens
982 1255 990 1271 ‚
1007 1244 1078 1273 quae
1089 1235 1186 1275 vulgo
1198 1235 1216 1266 ὲ
1225 1239 1327 1277 ruptis

761 1277 844 1307 saxis
873 1285 905 1308 et
931 1277 1094 1310 hiantibus
1126 1281 1326 1312 tumulorum

759 1323 918 1363 lapidibus
927 1325 1006 1354 solet
1016 1335 1239 1367 erumpere.5-—
1251 1329 1327 1358 Tur-

754 1369 807 1409 pis
820 1379 879 1398 ονα
895 1379 986 1400 rana·
1002 1381 1013 1400 .-
1033 1370 1155 1401 rubetae
1169 1371 1182 1413 (
1190 1373 1303 1413 gallice
1312 1397 1324 1411 ,

761 1415 791 1445 Ie
804 1415 950 1455 crapaud
957 1418 968 1457 )
981 1427 990 1453 ;
1005 1426 1093 1457 quae,
1112 1418 1187 1457 quia
1200 1421 1326 1460 sangui-

760 1471 801 1490 ne
824 1468 981 1492 venenato
1004 1469 1127 1503 turget,
1150 1465 1247 1494 sacris
1264 1475 1326 1495 ma-

760 1507 838 1546 gicis
851 1507 1052 1539 inserviebat.
1061 1507 1136 1539 vid.
1147 1509 1227 1540 Plin.
1242 1510 1323 1542 Hist.

760 1558 866 1583 natur.
882 1555 1025 1590 XXXII,
1036 1554 1055 1583 5
1068 1564 1077 1591 3
1097 1555 1242 1594 Propert.
1259 1557 1324 1593 111,

761 1597 799 1634 6,
827 1607 887 1636 273
915 1605 947 1628 et
970 1599 1118 1630 Juvenal.
1142 1601 1206 1637 VI,
1230 1601 1324 1632 658:

761 1644 807 1673 Ac
821 1643 903 1672 nime
922 1654 971 1674 res
985 1644 1094 1686 agitur
1104 1646 1323 1687 temtipulmo-

762 1699 802 1718 ηε
819 1689 946 1720 rubetoe.
960 1707 1006 1713 —-
1020 1691 1190 1722 Nocturnoe
1202 1691 1325 1734 strigis.-

759 1735 858 1772 strix‚
883 1736 948 1764 avis
972 1742 1020 1765 est
1033 1746 1074 1766 ex
1095 1737 1223 1767 illarum
1245 1747 1322 1768 noc-

760 1785 884 1809 tuarum
907 1791 1036 1821 genere,
1061 1791 1133 1822 quae
1155 1782 1174 1812 ὁ
1196 1793 1322 1814 summo

757 1826 896 1855 turrium
912 1832 966 1856 aut
979 1826 1115 1857 aliorum
1133 1836 1324 1858 monumen·

757 1877 866 1901 torum
880 1871 1036 1907 culmine,
1049 1882 1106 1912 per
1117 1880 1244 1903 noctem
1257 1875 1323 1904 tris—

756 1922 803 1945 tes
820 1926 915 1947 sonos
929 1919 1085 1948 continuo
1095 1924 1199 1948 tractu
1210 1918 1321 1957 edunt,

755 1961 828 1991 idea
846 1963 1027 2004 importuna
1045 1970 1076 1993 et
1113 1964 1318 2006 inauspicata.

757 2007 768 2046 (
779 2007 899 2047 gallice,
910 2007 1079 2048 Iafiesaie,
1094 2008 1145 2038 vel
1154 2009 1318 2051 Bessi-aie.)

756 2053 831 2083 Vid.
858 2054 1009 2084 Valmont
1040 2053 1079 2084 de
1100 2055 1244 2086 Bomare.
1271 2072 1318 2085 —-.-

760 2099 861 2129 Iolcos
889 2108 897 2130 ε
935 2099 1102 2130 Thessaliae
1139 2101 1296 2142 oppidum
1308 2124 1318 2139 ‚

758 2154 849 2183 quae,
869 2151 906 2174 nt
935 2145 1181 2182 Hiberia‚Asiae
1210 2147 1318 2188 regio,

759 2190 887 2220 Colchis
917 2191 1038 2229 vicina,
1054 2201 1252 2222 venenorum
1276 2193 1321 2223 fe·
