1422 2528
509 147 549 185 Q.
574 144 757 176 nonATn
779 142 930 175 FLAcm

242 204 321 241 Aut
340 202 379 239 in
398 203 555 249 reducta
568 202 688 248 yaue,
706 201 954 251 mugientium

342 265 563 311 Prospectat
582 267 750 298 errantes
768 257 898 310 grcges
915 260 948 306 ‘33

244 324 322 358 Aut
337 333 465 370 pressa
484 320 589 370 puris
605 320 715 358 mella
725 319 854 356 condit
871 318 1084 369 amphoris3
1291 327 1320 351 1⁵

350 383 428 415 Aut
440 379 572 416 tondet
586 379 752 416 infirmas
765 390 865 415 oves.

241 439 308 476 Vc}
319 468 329 486 ‚
350 442 435 476 cum
452 439 631 476 decorum
645 439 800 477 mitibus
815 440 937 490 pomis
950 446 1063 489 caput

349 504 586 538 Auctumnus
604 500 703 537 arvis
718 499 869 545 extulit,

243 560 295 596 Ut
313 559 450 608 gaudet
469 560 621 597 insitiva
634 559 838 608 decerpens
852 569 967 607 pyra,

344 621 561 656 Certantem
581 626 618 655 et
635 629 748 655 uvam
767 628 965 667 purpurae5
1291 630 1322 647 ιο

245 678 334 723 Qua
353 687 575 715 muneretur
595 686 649 724 te,
667 677 821 726 Priape,
842 683 878 712 et
895 684 953 722 te,
969 682 1077 725 pater

346 738 529 787 Sylvane,
552 746 658 774 tutor
677 737 824 774 finium!

242 795 356 833 Libet
370 796 496 846 jacere
513 795 628 834 modo
648 797 719 834 sub
736 796 891 846 antiqua
910 795 1012 841 ilice,

346 855 465 894 Modo
484 858 524 894 in
544 858 664 894 tenaci
681 857 848 907 gramine
866 855 892 892 5.

244 914 447 952 Labuntur
463 916 547 953 altis
562 914 714 952 interim
732 917 825 966 ripis
846 927 973 964 aquae3
1292 920 1323 944 ²5

348 978 574 1022 Queruntur
595 975 633 1012 in
649 976 763 1025 sylvis
782 989 889 1022 aves,

240 1033 488 1086 Frondesque
507 1034 672 1086 lymphis
693 1035 918 1086 obstrepunt
932 1031 1189 1080 manantibus,

137 1200 170 1230 la
192 1198 324 1242 grejfe)
342 1210 443 1230 unum
470 1211 510 1230 ex
534 1200 707 1231 utilissimis

136 1252 168 1276 et
196 1246 434 1284 jucundissimis
456 1245 551 1277 simii]
570 1246 705 1288 agricul-

137 1299 217 1322 turae
230 1292 381 1333 operibus
391 1315 400 1330 ,
411 1292 498 1333 quod
516 1294 573 1333 qui
584 1292 705 1334 poetic&

139 1338 336 1380 descriptum
353 1349 483 1369 noscere
503 1339 598 1376 velit,
616 1338 705 1368 adeat

140 1385 232 1425 Virg.
251 1385 368 1427 Georg.
383 1386 434 1422 11,
455 1391 520 1424 74:
538 1385 624 1416 Νὰιη
640 1384 706 1426 quiz

138 1441 172 1461 se
184 1431 289 1462 medio
300 1431 431 1461 trudunt
441 1431 481 1462 de
495 1431 610 1462 cortice
615 1442 706 1473 gem-

139 1487 219 1513 mae,
239 1484 270 1507 et
281 1488 353 1517 quae
368 1487 435 1518 sqq.

191 1529 222 1559 4.
253 1523 464 1564 Mugieneium
490 1534 605 1566 greges
626 1533 637 1553 .·
661 1523 706 1553 sne

139 1574 171 1598 et
188 1569 279 1610 Virg.
308 1570 382 1600 loco
405 1568 472 1608 jam
502 1571 616 1600 citato:
635 1571 706 1599 Mu-

137 1622 285 1656 gztusque
315 1615 428 1652 boum,
454 1616 627 1656 mollesque
651 1615 706 1645 sub

135 1661 253 1691 arbore
275 1661 382 1691 somni
407 1663 482 1692 Non
511 1661 636 1692 absunt.
657 1678 704 1685 ·—-

140 1709 254 1738 Pressa
273 1707 399 1738 mella:
425 1718 570 1749 expressa
592 1708 608 1738 ὲ
629 1707 706 1738 favis

140 1759 172 1783 et
187 1752 204 1783 ἐι
223 1754 302 1784 ceris
315 1761 445 1785 secreta.
462 1756 585 1784 —-Aut
598 1753 708 1784 tondet

141 1798 285 1842 infirmas
302 1811 372 1830 oves
395 1811 407 1830 :
429 1811 522 1838 oves,
543 1810 640 1842 pecus
657 1810 709 1829 na-

141 1844 212 1874 tura
245 1845 300 1875 sua
335 1845 519 1884 infirmum,
551 1846 706 1876 vellerum

141 1890 286 1931 pondere
295 1915 303 1930 ‚
317 1902 382 1932 quo
401 1899 619 1933 gravarentur,
631 1891 706 1921 snb-

141 1936 235 1968 levat.
246 1938 356 1968 -›Vel
369 1939 438 1968 ciem
453 1939 620 1974 decorum,
643 1943 703 1968 etc.

142 1983 326 2013 suavissima
356 1985 510 2026 imagine,
538 1995 598 2025 pro
631 1984 702 2013 sim-

142 2028 218 2069 plici
234 2038 242 2060 :
265 2028 338 2059 oiim
354 2037 544 2060 auctumnus
566 2029 703 2060 advenit.

143 2074 332 2105 -Mieibus
350 2076 480 2116 pomis:
502 2077 643 2106 maturis.
658 2093 706 2100 —

145 2122 187 2151 Ut
209 2122 334 2169 gaudee
372 2122 497 2152 insitiva
536 2121 707 2162 decerpens

135 2177 247 2207 pyra.-
258 2177 329 2209 qnae
341 2169 408 2209 ipse
421 2167 606 2205 inserendo,
619 2166 707 2208 quasi

141 2215 276 2252 creavit3
311 2224 393 2256 pyra
431 2215 564 2256 proprio
596 2213 707 2244 labore

761 1205 868 1240 parta3
904 1198 992 1239 quod
1026 1198 1155 1239 quidcm
1181 1195 1321 1228 multum

759 1245 935 1276 dulcedinis
958 1245 1113 1275 fructibus
1136 1243 1250 1275 addere
1274 1245 1322 1274 vi-

758 1291 861 1323 detur.
884 1309 930 1315 —
960 1292 1142 1322 Certantem
1169 1298 1202 1321 ee
1230 1299 1323 1320 mam

754 1349 902 1379 purpuroe
914 1348 925 1368 .·
941 1338 1051 1368 confer
1067 1335 1179 1378 supra,
1193 1335 1255 1368 Od.
1271 1337 1304 1366 11
1313 1358 1321 1373 ‚

761 1385 791 1422 5,
812 1395 864 1422 12,
878 1384 992 1415 etvide
1005 1382 1322 1424 notam.—-Pn'ape:

758 1431 908 1471 Priapus,
942 1429 1110 1460 hortorum
1143 1433 1266 1466 custos,
1290 1434 1323 1459 et

759 1476 976 1506 custodiendis
984 1475 1130 1517 frugibus
1138 1474 1322 1516 invigilans.

758 1525 857 1552 Pater
883 1522 1020 1560 sylvane
1035 1533 1047 1552 :
1062 1532 1145 1552 unus
1160 1522 1179 1553 'e
1193 1521 1252 1551 diis
1267 1521 1322 1562 qui

759 1569 961 1610 agriculturae
978 1567 1205 1609 praesidebant,
1219 1566 1237 1597 ὲ
1249 1568 1323 1598 Vir-

759 1615 835 1656 gilio
852 1615 1018 1645 invocatus
1032 1615 1067 1644 in
1082 1613 1323 1657 initio-Georgi·

759 1671 832 1692 con.

806 1707 836 1738 5.
874 1705 993 1737 Tenaci
1017 1705 1168 1748 gramine
1194 1716 1205 1736 .·
1234 1703 1322 1745 qnod

760 1752 894 1782 densum
916 1758 949 1782 et
969 1752 1039 1782 altis
1057 1751 1218 1782 radicibus
1230 1755 1323 1781 terrae

760 1798 923 1829 adhaerens
932 1821 941 1836 ‚
956 1799 1019 1828 vix*
1027 1807 1062 1828 ac
1071 1807 1113 1828 ne
1126 1798 1182 1828 vix
1193 1795 1322 1837 quidum

760 1845 853 1875 evelli
895 1850 1010 1885 potest.
1038 1859 1085 1867 ·—-
1119 1842 1323 1882 Frondesque

758 1890 895 1931 lymphis
913 1890 1091 1929 obstrepunt
1102 1887 1306 1919 manantibus
1313 1898 1323 1917 :

757 1937 791 1966 in
813 1937 972 1977 plerisque
992 1945 1051 1976 pro
1059 1934 1192 1976 frondes
1203 1934 1322 1975 legitur

744 1980 881 2022 sontes,
903 1991 974 2022 quae
985 1981 1080 2011 lectio
1098 1982 1132 2011 in
1147 1989 1215 2010 eam
1228 1983 1323 2020 quam

757 2028 968 2069 adoptandam
983 2028 1162 2058 censuimus
1172 2049 1181 2061 ‚
1194 2025 1210 2056 a
1226 2027 1324 2056 Marc-

757 2074 878 2104 klando
908 2072 1047 2115 primum
1082 2074 1232 2103 conversa
1257 2077 1303 2101 est
1313 2093 1322 2108 ,

760 2128 792 2150 et
812 2120 845 2150 id
859 2119 990 2161 quidcm
1009 2118 1198 2149 felicissimc.
1213 2117 1321 2160 Finem

760 2166 836 2196 facit
849 2166 940 2197 locus
954 2165 971 2195 ὲ
983 2165 1149 2206 Propertio
1157 2163 1324 2205 depromp-

761 2218 812 2243 tus
821 2235 829 2250 ‚
843 2212 920 2242 huic
931 2211 1041 2243 Nostri
1058 2211 1189 2242 omnino
1203 2208 1324 2240 similis.
