1422 2528
138 148 202 178 218

518 147 558 186 Q.
586 144 767 176 HORATII
794 145 945 185 FLACGI

139 209 283 256 AErugo
297 218 414 243 mera.
439 204 554 251 Quod
573 205 707 247 vitium
729 204 862 254 procul
878 203 1010 242 abfore
1025 205 1182 253 chartis,

135 268 262 314 Atque
281 265 406 302 animo
421 265 546 315 prius,
567 272 609 301 ut
628 264 660 300 si
674 263 767 313 quid
786 263 1010 313 promittere
1026 263 1073 302 de
1088 277 1148 302 me
1176 308 1189 317 Ι,

137 327 295 362 Possum
314 324 417 362 aliud
431 325 539 368 vere,
561 324 757 374 promitto.
782 323 958 361 Liberius
973 324 1006 361 si

137 386 282 423 Dixero
301 385 411 434 quid,
430 385 460 422 si
481 385 578 421 forte
589 383 780 434 jocosius;
795 384 868 421 hoc
887 383 981 421 mihi
995 383 1094 434 juris

137 448 233 484 Cum
247 446 358 483 venia
373 445 493 483 dabis.
510 445 680 482 Insuevit
695 453 804 495 pater
822 445 986 495 optimus
1001 444 1075 482 hoc
1091 457 1152 483 me
1168 445 1210 491 ¹⁸,

1268 455 1316 480 105

135 507 188 542 Ut
207 505 376 554 fugerem
387 533 396 551 ,
415 505 596 554 exemplis
609 505 792 542 vitiorum
807 516 967 553 quaeque
979 503 1158 542 notando.

135 566 232 602 Cum
252 577 311 601 me
326 565 558 610 hortaretur,
575 565 688 614 parce
699 592 710 611 ,
730 563 941 612 frugaliter,
954 572 1068 613 atque

135 624 314 661 Viverem
333 624 388 660 uti
409 632 607 661 contentus
626 636 693 669 e0,
714 621 818 672 quod
837 623 889 660 mi
905 624 985 673 ipse
1004 631 1172 672 parasset
1193 639 1201 659 :

137 701 152 717 α
171 685 308 720 Nonne
325 682 548 728 vides‚A⁴lbi
567 692 609 720 ut
626 683 722 720 male
736 683 839 719 vivat
859 682 976 729 filius,
995 690 1111 732 utque

135 761 151 777 »
169 746 308 780 Barrus
319 743 451 792 inops?
463 755 640 792 magnum
652 742 939 789 documentum,
950 755 998 778 ne
1007 742 1169 792 patriam
1178 756 1258 781 rem
1272 760 1319 777 ¹1⁰

137 822 152 838 »
169 803 333 841 Perdere
355 800 438 852 quis
458 802 561 840 velit.
578 818 592 834 >2
610 804 645 838 A
664 801 768 851 turpi
786 801 995 838 meretricis
1018 813 1146 839 amore

137 865 232 901 Cum
250 862 460 901 deterreret
477 876 485 897 ε
505 879 520 895 «
540 861 692 898 Scetani
707 859 897 897 dissimilis
919 861 968 898 sis
988 867 1031 897 ¹⁹.
1045 877 1061 892 »

137 926 194 961 Ne
214 936 392 973 sequerer
408 921 590 969 moechas,
609 922 785 959 concessa
803 922 889 958 cum
905 922 1052 959 Venere
1068 921 1126 960 uti

136 1123 264 1166 quidam
273 1145 282 1161 ,
294 1132 423 1153 succum
433 1129 537 1152 atrum
546 1123 581 1152 in
590 1132 704 1162 aquam

135 1169 302 1201 effundens
318 1179 372 1199 ore
383 1191 392 1206 ‚
408 1179 448 1198 ne
461 1168 478 1197 ὲ
491 1168 703 1209 piscatoribus

136 1216 238 1247 videri
251 1222 283 1246 et
299 1216 371 1256 capi
388 1215 498 1255 possit.
517 1231 563 1238 ——
579 1215 702 1255 AErugo

137 1273 226 1294 mera
246 1272 258 1291 .·
289 1260 420 1302 (gallice
430 1283 439 1297 ,
460 1259 700 1302 vert-de-gn's)‚

133 1318 293 1340 vencnum
319 1308 518 1337 acerrimum.
543 1305 702 1346 Quemad-

137 1353 266 1386 modum
288 1352 386 1395 igitur
409 1363 449 1383 aes
476 1354 634 1393 aerngine,
658 1350 701 1382 itii

134 1400 419 1432 obtrectationibus
433 1399 533 1429 aliena
549 1399 630 1429 fama
647 1409 700 1429 ro-

136 1448 224 1478 ditur
239 1457 273 1477 ac
286 1445 458 1487 pez-editur.

184 1494 236 1524 18.
271 1492 409 1522 Insuevit
439 1499 539 1532 pater
569 1490 704 1531 optimus

135 1541 194 1571 Ιιοσ
210 1551 260 1570 me
275 1550 285 1568 :
300 1549 389 1580 purae
404 1545 435 1567 et
453 1539 577 1568 eximiae
599 1538 704 1569 latini-

135 1588 207 1617 tatis
228 1592 290 1623 est,
317 1586 454 1625 aliquem
475 1582 580 1623 aliqua
606 1594 639 1613 re
657 1584 704 1613 in-

132 1642 292 1669 suescere3
304 1631 347 1661 sic
360 1629 446 1671 apud
462 1630 685 1660 Columellium
694 1651 702 1666 ‚

131 1681 179 1709 ‘VI
190 1702 198 1717 ,
226 1684 266 1715 43
282 1675 424 1707 Amurcc‘z'
433 1686 533 1716 pecus
550 1675 702 1706 insuesce·

133 1737 183 1762 re,
208 1725 356 1766 plaustro
385 1730 444 1752 aue
466 1729 575 1752 aratro
591 1722 702 1763 juven-

136 1782 207 1802 cum
223 1768 694 1809 consuescere.—Utfugerem,

135 1817 290 1859 exemplis
311 1816 464 1846 vitiorum
485 1825 619 1855 quoeque
643 1825 698 1844 ηο-

134 1865 234 1894 tando
251 1875 262 1894 :
278 1864 323 1893 sic
341 1869 492 1892 construe
514 1871 522 1892 :
546 1867 582 1891 ut
607 1860 696 1900 fuge-

130 1921 197 1940 rem
226 1909 384 1950 (subaud.
415 1907 517 1948 vicia)
553 1906 697 1939 notando

130 1957 284 1998 exemplis
297 1965 432 1996 quaeque
442 1955 593 1995 vitiorum
606 1975 614 1990 ‚
625 1953 657 1983 h.
669 1964 697 1984 e.

132 2003 256 2043 singula
281 2003 367 2032 vitia.
391 2019 437 2024 -
467 2000 549 2030 Albe
565 1999 651 2040 filius
684 2010 695 2028 :

133 2049 212 2079 male
225 2048 318 2078 multi
332 2049 518 2088 interpretes
533 2045 571 2075 de
585 2045 697 2076 Tibul-

132 2098 164 2127 lo
184 2097 231 2136 agi
250 2094 393 2125 arbitrati
408 2100 499 2130 sunt,
517 2093 573 2133 qui
587 2090 696 2121 revera

133 2153 199 2172 rem
223 2151 310 2171 suam
336 2140 536 2181 profligavit,
569 2144 600 2167 et
623 2137 695 2167 ante

132 2189 318 2229 vigesimum
337 2193 486 2227 quartum
507 2194 626 2214 annum
649 2184 695 2213 in-

131 2234 199 2264 edia
233 2233 331 2275 prope
363 2232 506 2263 decessit.
544 2231 695 2261 Horatius

755 1121 820 1152 fere
856 1122 1145 1164 quinquagenarius
1178 1130 1243 1154 erat
1282 1136 1320 1156 eo

754 1168 825 1208 ipso
841 1174 980 1208 tempore
994 1179 1058 1208 quo
1073 1169 1254 1210 exemplum
1271 1172 1321 1202 Ti-

755 1213 860 1243 hallia
876 1221 964 1254 patre
977 1214 1023 1244 illi
1033 1216 1231 1255 propositum
1242 1215 1318 1246 fuis-

755 1270 786 1289 se
800 1267 1005 1300 supponunt,
1020 1270 1086 1300 quo
1099 1260 1227 1301 quidem
1239 1261 1320 1292 nihil

754 1305 924 1336 ridiculum
950 1305 1060 1346 magis».
1079 1323 1124 1330 -—
1149 1307 1237 1337 Male
1265 1307 1319 1338 ὐἰ-

755 1359 807 1382 vae
824 1363 835 1381 .·
850 1362 981 1392 pauper,
1000 1352 1150 1382 omnibus
1163 1353 1319 1395 indigens.

754 1415 801 1421 —
815 1400 932 1428 Barrus
947 1409 957 1427 :
977 1399 1068 1428 Titus
1087 1401 1261 1438 Veturius,
1279 1399 1319 1430 de

755 1455 820 1485 quo
840 1445 875 1474 in
889 1444 1014 1474 duabus
1030 1445 1133 1475 satiris
1146 1447 1193 1476 VI
1211 1453 1243 1476 et
1256 1447 1319 1477 vu

756 1501 838 1521 nova
857 1491 978 1520 mentio
1000 1489 1073 1528 fiet;
1095 1492 1222 1529 juvenis
1244 1491 1319 1522 alio-

757 1537 837 1577 quin
852 1536 1032 1574 dicacitate,
1047 1536 1209 1577 elegantiae
1225 1538 1318 1568 affec-

757 1584 885 1621 tatione,
901 1581 1034 1614 etluxfis
1049 1582 1207 1614 dementia
1219 1583 1317 1614 famo-

756 1640 828 1666 sus,
858 1631 915 1670 qui
944 1628 1055 1659 vestali
1083 1630 1214 1660 AEmiliae
1245 1628 1319 1662 cum

752 1681 899 1716 stuprum
909 1675 1077 1711 intulisset,
1091 1675 1200 1715 poenas
1219 1675 1318 1707 dedit.

803 1732 853 1761 19.
887 1720 1017 1751 Scetani
1047 1720 1211 1752 dissimilis
1239 1722 1281 1752 sis
1305 1733 1317 1752 .·

751 1768 867 1809 legitur
897 1778 1044 1809 quoque,
1073 1769 1214 1806 Sectani3
1247 1768 1317 1809 quis

749 1814 845 1844 fuerit
865 1815 1017 1844 Scetanus
1033 1813 1104 1851 ille,
1125 1815 1197 1854 quis
1219 1814 1316 1845 fuerit

750 1860 929 1891 Trebonius
957 1859 997 1890 de
1028 1870 1093 1900 quo
1121 1860 1200 1894 mox
1207 1881 1220 1896 ,
1247 1870 1314 1890 non

749 1906 837 1936 aliud
853 1905 945 1947 qm'nn
960 1905 1047 1946 quod
1061 1905 1100 1938 ab
1113 1907 1245 1937 Horatio
1257 1916 1314 1937 no·

750 1959 848 1982 tatum
862 1952 937 1988 fuit,
957 1952 1168 1993 cognoscitur.
1183 1952 1313 1982 ——Con-

749 1996 837 2028 cessd
849 2000 972 2028 Venere
984 2009 994 2028 :
1006 1997 1140 2028 mediam
1151 1998 1237 2029 illam
1250 2000 1313 2028 Ve—

748 2055 856 2075 nerem
888 2044 1053 2085 intelligit,
1079 2053 1150 2084 quae
1181 2043 1198 2075 ἐι
1227 2045 1314 2085 turpi

748 2090 1009 2132 prostibulorum,
1029 2089 1047 2119 ὲ
1057 2090 1236 2130 periculoso
1251 2100 1315 2120 ma-

749 2144 911 2168 tronarum
939 2146 1044 2166 amore
1069 2135 1156 2176 aeque
1174 2136 1312 2172 distans,

748 2183 999 2213 adolescentibus
1012 2181 1122 2222 probis
1133 2204 1141 2220 ,
1158 2181 1247 2213 velut
1262 2181 1314 2214 ad-

748 2228 857 2261 ven-siis
866 2229 983 2267 majora
993 2227 1108 2269 flagitia
1119 2229 1311 2270 perfugium,
