1422 2528
502 131 582 163 Lm.
606 129 656 161 IV
680 127 770 160 ODE
790 125 868 158 ΧΠ.
1079 156 1083 158 v
1279 118 1320 149 61

211 196 290 246 Qui
302 207 406 233 nunc
421 187 783 243 Sulpiciisiaccubat
799 184 972 232 horreis,
1006 188 1010 190 ’

209 261 306 310 Spes
320 255 467 293 donare
484 264 610 293 novas
626 252 776 301 largus,
796 258 1005 296 amaraque

318 320 509 355 Curat-um
523 314 652 352 eluere
675 311 825 349 efficax.
1294 319 1326 335 20

211 378 273 417 Ad
287 390 373 429 qnae
389 377 421 414 si
438 387 626 427 properas
646 371 789 424 gaudia
808 370 841 417 ⁶,
858 382 947 407 cum
969 367 1036 406 tuti

212 440 338 478 Velox
354 450 482 476 merce
503 435 602 474 veni.
623 437 713 473 Non
732 446 804 484 ego
827 440 864 469 te
885 430 979 468 meis

214 504 429 540 Immunem
448 497 616 536 meditor
639 497 790 547 tingere
811 492 980 546 poc'ulis,

321 561 440 599 Plena
459 559 567 598 dives
583 567 627 596 ut
645 557 685 595 in
704 557 832 595 domo.

215 626 360 663 Verum
376 626 477 674 pon'e
496 633 625 659 moras
646 627 685 658 et
704 618 877 658 studium
895 614 996 654 lucri
1016 625 1048 663 73
1300 623 1331 647 25

115 807 240 862 ung-uis
261 805 398 837 humani
423 802 637 834 similitudine
664 802 700 832 in

111 855 258 891 nominis
266 863 400 896 quoque
407 842 592 882 societatem
599 849 700 887 venit,

91 937 97 942 ,
117 903 226 935 dictus
247 900 344 932 etiam
363 898 583 931 alabastrites.
601 897 700 927 Initio

118 948 251 992 quidem
263 949 378 986 rarior,
387 954 473 989 post,
483 945 701 976 invalescente

119 997 220 1036 luxu,
234 997 330 1027 etiam
357 996 393 1025 in
411 994 578 1025 columnas
591 1003 627 1023 ac
644 1002 700 1033 pa-

122 1045 265 1075 vimenta
302 1043 440 1073 transiit.
471 1043 513 1072 Et
546 1039 703 1081 quoniam

121 1090 256 1132 onychis
271 1091 456 1133 praecipuus
476 1088 555 1119 olim
581 1087 621 1117 ad
646 1097 705 1117 un—

120 1145 241 1182 guenta
246 1149 336 1175 usus,
342 1137 420 1168 hinc
429 1136 599 1174 factum‚ut
606 1133 706 1175 quod-

121 1196 253 1232 cunque
261 1185 428 1216 vasculum
439 1183 702 1225 unguentarium,

122 1234 220 1265 etiam
253 1233 387 1264 alterius
417 1231 576 1267 materiae,
614 1239 706 1269 onyx

121 1281 293 1313 diceretur.
327 1278 411 1311 Vide
437 1278 520 1310 Plin.
548 1278 707 1315 XXXVI,

125 1340 142 1370 7
164 1335 196 1361 et
209 1328 395 1365 XXXVII,
416 1326 448 1358 6.
469 1343 516 1349 —-
529 1323 593 1366 Qui
622 1325 709 1354 ηἰιηε

124 1375 276 1418 Sulpiciis
308 1374 445 1405 accubat
469 1371 588 1403 horreis
619 1382 631 1401 .·
652 1372 710 1413 qui

123 1422 215 1456 m'mc
244 1423 404 1464 repositus
435 1427 483 1452 est
512 1421 548 1450 in
576 1419 709 1450 vinariis

124 1471 262 1514 Sulpicii
297 1469 409 1500 Galbae
434 1466 580 1504 horreis,
610 1465 645 1497 h.
679 1477 708 1497 e.

127 1519 289 1562 apothecis
301 1517 354 1547 vel
370 1516 469 1546 cellis.
484 1514 640 1548 Plurimas
651 1513 710 1543 hu-

126 1566 216 1606 iusce
242 1563 333 1596 modi
361 1563 530 1605 apothecas
553 1560 704 1615 (gallice,

128 1613 187 1644 des
216 1610 407 1664 magasins)¹
427 1613 540 1642 Romae
567 1609 710 1639 extitisse

129 1659 302 1691 verisimile
312 1665 378 1696 est,
398 1659 484 1688 iuter
509 1667 588 1698 quas
603 1656 710 1697 Sulpi-

128 1708 170 1738 cii
197 1705 363 1749 apothecae
380 1704 592 1747 amplitudine
608 1710 641 1734 et
662 1714 711 1733 re—

128 1765 204 1786 rum
231 1753 394 1785 venalium
432 1752 562 1783 delectu
594 1751 712 1781 emine-

129 1802 221 1834 bant.
253 1799 468 1832 Memoranda
497 1798 713 1840 antiquissimi

102 1862 107 1871 ¹
131 1851 217 1881 inter
224 1849 423 1880 Horatianos
431 1847 624 1888 interpretes
634 1847 712 1877 Por-

131 1897 304 1940 phyrionis
314 1895 391 1927 inh.
406 1895 430 1926 1,
445 1900 540 1925 nota:
550 1892 713 1934 «Sulpicii

132 1943 274 1975 -Galbae
296 1942 414 1974 horrea
443 1941 541 1971 dicit·
533 1939 715 1981 ‚hodieque

132 2005 149 2019 α
158 1990 380 2023 autemGalhae
386 1989 447 2020 1ιοι
450 1999 502 2019 rea
509 1988 587 2018 vino
594 1994 626 2018 et
632 1987 716 2027 oleo,

135 2053 153 2066 α
161 2038 384 2079 similibusque
395 2037 476 2074 aliis,
485 2035 601 2066 referta
609 2042 715 2066 sunt.»

137 2084 268 2128 Quanta
297 2085 405 2116 autem
430 2083 621 2115 liberalitate
643 2093 717 2113 cum

137 2133 276 2177 Virgilio
290 2139 361 2175 agat
373 2131 530 2163 Horatius
538 2141 578 2160 ex
591 2140 630 2160 eo
645 2140 719 2166 con-

139 2178 228 2211 cludi
236 2179 443 2222 potestquOd
458 2176 592 2231 supraI3
607 2187 659 2215 20,
675 2187 715 2218 9,

140 2226 211 2258 'vile
220 2227 376 2258 Sabinum
391 2224 586 2258 Maecenati·
577 2225 639 2265 ipsi
648 2234 721 2266 pro-

139 2274 326 2316 pinatorum
339 2285 372 2306 se
383 2272 569 2316 profitetur,
579 2282 648 2302 non
661 2271 721 2303 Ca-

263 2330 316 2367 11.

755 801 875 836 lenum,
888 797 978 837 diun,
996 798 1038 829 ad
1059 798 1158 841 digne
1174 797 1338 840 excipien-

755 848 833 878 dum
855 848 1015 884 amicum,
1029 847 1146 878 vinum
1161 845 1244 877 illud
1265 857 1338 888 pre-

756 896 965 927 tiosissimum
980 894 998 925 ὲ
1016 894 1106 925 cellis
1121 894 1316 936 Sulpicianis
1327 910 1351 931 ,ν

754 943 861 974 multo
881 953 943 974 aere
955 949 1102 984 emptum
1117 941 1341 984 depromit.—

758 993 837 1032 Spes
854 991 979 1021 donare
1011 1001 1112 1020 novas
1137 990 1274 1032 largus:
1302 997 1341 1020 ut

757 1037 874 1080 supra,
900 1037 940 1068 de
966 1037 1141 1079 amphora,
1178 1038 1227 1067 111
1239 1059 1248 1075 ,
1277 1047 1317 1067 21
1332 1060 1341 1075 ,

763 1097 800 1124 17
819 1095 827 1116 :
849 1087 894 1116 Tu
917 1096 1006 1126 spem
1030 1084 1158 1115 reducis
1185 1083 1344 1114 mentibus

760 1132 883 1164 anxiis.
909 1151 956 1156 —
992 1134 1124 1164 Amara
1160 1132 1343 1163 Curarmn:

758 1180 960 1213 Hellenismo
996 1186 1096 1219 noto,
1132 1190 1211 1222 pro,
1248 1190 1344 1210 curas

760 1238 907 1260 amaras.

810 1277 843 1307 6.
865 1275 923 1306 Ad
944 1286 1018 1316 quoe
1036 1274 1065 1305 si
1078 1284 1238 1315 properas
1261 1285 1346 1318 gau-

762 1323 819 1355 dia
838 1335 849 1354 .-
871 1322 963 1364 quod
993 1323 1020 1352 si
1051 1322 1112 1352 tibi
1139 1329 1290 1364 prompta
1314 1329 1347 1353 et

762 1370 872 1404 vivida
898 1371 981 1400 inest
1003 1371 1098 1400 amici
1120 1371 1169 1400 tui
1183 1369 1346 1402 invisendi

762 1419 928 1450 voluntas.
945 1435 992 1441 -
1013 1418 1092 1448 Cum
1125 1414 1182 1448 tud
1212 1428 1317 1449 merce
1333 1429 1345 1448 :

763 1477 840 1497 cum
857 1466 913 1496 tua
935 1465 1036 1496 nardo
1052 1475 1126 1505 quae
1141 1464 1159 1495 a
1178 1475 1230 1496 me
1245 1465 1350 1496 veluti

762 1514 904 1556 pretium
938 1514 1008 1543 vini
1041 1512 1153 1544 Caleni
1194 1514 1346 1555 exigitur.

763 1561 1004 1603 Elegantissime
1016 1561 1052 1590 in
1063 1561 1137 1599 joco
1150 1567 1272 1602 perstat
1285 1562 1350 1592 Ho-

763 1610 873 1640 ratius.
892 1627 940 1632 —
963 1610 1146 1638 Immunem
1162 1619 1174 1638 .-
1191 1607 1236 1638 ita
1254 1615 1292 1639 ut
1307 1608 1348 1639 de

764 1664 823 1687 tuo
841 1656 921 1687 nihil
940 1655 1113 1687 conferres.
1128 1674 1176 1680 -—-
1188 1654 1296 1686 Plem'z'
1312 1656 1346 1686 in

764 1705 862 1735 domo
888 1715 899 1734 :
926 1710 964 1734 ut
992 1701 1091 1745 supra
1115 1703 1179 1735 Od.
1207 1705 1257 1742 11,
1285 1715 1347 1742 12,

766 1758 811 1789 24
840 1761 848 1783 ε
877 1752 1001 1782 Plenas
1028 1757 1089 1780 aut
1116 1750 1263 1782 Arabum
1290 1752 1349 1782 do-

766 1810 844 1830 mos.

816 1857 847 1886 7.
862 1846 981 1876 Veriam
1000 1855 1087 1887 pone
1110 1856 1220 1876 moras
1238 1854 1270 1877 et
1283 1854 1350 1877 stu-

769 1893 858 1924 dium
892 1892 975 1924 Iucri
995 1904 1007 1923 :
1031 1903 1220 1934 persuasum
1245 1894 1351 1925 habeo

769 1941 826 1971 has
841 1951 938 1972 voces
963 1951 1020 1982 per
1035 1951 1113 1981 quas
1136 1941 1233 1972 multi
1252 1943 1353 1973 inter—

769 1995 876 2031 pretes
903 1988 1069 2018 allucinati
1089 1996 1180 2027 sunt,
1197 1996 1229 2020 et
1252 1989 1293 2020 ad
1316 1989 1353 2020 id

772 2036 906 2066 adducti
943 2042 981 2066 ut
1005 2038 1261 2077 unguentarium
1294 2048 1352 2068 ne-

771 2084 839 2114 scio
859 2093 958 2124 quem
979 2082 995 2112 a
1013 2084 1152 2125 negotiis
1165 2091 1197 2114 et
1218 2083 1236 2114 a
1259 2085 1355 2116 lucro

773 2130 933 2172 captando
949 2130 1180 2172 aliquantisper
1195 2132 1356 2163 abstinere

770 2178 897 2218 jussum
933 2178 1179 2217 arbitrarentur,
1203 2179 1274 2218 has,
1304 2181 1356 2209 in-

774 2234 889 2266 quam,
908 2236 1003 2256 voces
1029 2225 1068 2255 ad
1094 2236 1129 2256 ea
1145 2237 1217 2267 quae
1235 2237 1356 2267 praece-

774 2272 873 2312 dunt,
908 2273 1014 2304 nardo
1048 2272 1135 2304 vina
1175 2274 1354 2312 merebere,

1166 2332 1189 2368 6
