1422 2528
498 102 577 135 Lm.
599 100 617 132 1
640 99 803 133 SATIRA
826 101 871 132 X.

1236 98 1303 137 273

79 162 261 215 Diffingit
275 161 406 202 Rheni
423 161 574 201 luteum
591 169 729 212 caput;
750 159 835 198 haec
854 172 927 210 ego
947 157 1041 197 ludo
1059 157 1087 182 ¹8

83 230 181 276 Quae
198 239 270 264 nec
285 225 326 263 in
347 224 443 263 AEde
463 232 601 263 sonent
617 223 808 262 certantia
820 221 952 274 judice
969 221 1112 272 Tarpa,

80 291 164 328 Nec
183 288 344 327 redeant
360 287 502 325 iterum
517 294 633 337 atque
648 285 792 333 iterum
809 282 1019 337 spectanda
1034 280 1208 320 theatris.

83 459 172 491 tibus
193 457 392 496 cohaereant,
414 454 535 499 aliquid
552 465 663 486 neces-

37 524 43 536 ,
84 506 169 538 sario
199 505 464 547 subaudiendum
489 511 552 541 est,
580 513 664 534 non-

83 553 231 595 nihilque
259 560 315 583 aut
338 551 589 594 supponendum
607 556 663 581 aut

84 599 326 642 corrigendum.
340 601 478 630 Dixerat
492 601 609 630 Noster
630 607 663 627 se

83 647 109 686 a,
119 647 266 679 versibus
284 646 387 689 graece
403 647 641 688 componendis
652 673 661 689 ,

81 706 142 738 per
155 701 300 733 noctem,
318 695 421 735 ipsius
436 694 570 725 Romuli
582 706 664 727 voce

82 742 274 774 deterritum
302 741 410 772 fuisse.
441 740 544 771 Addit
565 745 665 774 conti-

82 791 152 821 nuo
175 800 183 822 :
207 789 400 830 derelinquo
415 787 516 830 igitur
537 790 663 822 stolidis

82 838 188 879 poetis
208 847 318 868 curam
342 835 526 866 celebrandi
547 839 664 868 carmi-

83 884 191 916 nibus>
203 883 435 926 graeeo-latinis
452 882 566 914 heroas
586 896 663 927 grae-

85 942 160 970 cos,
186 939 219 962 et
245 930 343 962 etiam
369 930 548 970 tractandi,
575 933 665 973 quod

86 979 192 1011 multo
203 979 368 1014 insulsius,
385 978 500 1008 eodem
516 980 603 1021 stylo
616 990 665 1011 ar-

86 1033 240 1070 gumenta
275 1036 408 1057 romana
439 1033 471 1056 et
499 1025 516 1056 ὲ
546 1029 665 1058 nostris

86 1073 276 1116 deprompta
292 1073 472 1104 annalibus.
489 1075 556 1116 Ego
576 1075 664 1114 vero,

86 1119 222 1153 Romuli
261 1122 430 1162 praeceptis
459 1131 581 1152 morem
611 1133 665 1165 ge-

84 1178 178 1206 rens,
202 1178 271 1199 non
294 1168 441 1199 heroicas
468 1169 598 1210 quidem
623 1170 666 1200 fa-

84 1214 196 1252 lmlas,
220 1226 291 1247 non
317 1215 473 1246 sublimes
498 1217 667 1259 tragoedias

84 1262 212 1301 condo,
237 1263 294 1294 sed
311 1263 391 1293 ludo
419 1264 453 1294 in
473 1263 523 1294 his
537 1266 659 1304 satiris,

82 1319 163 1352 quas
175 1310 305 1349 saltem,
323 1311 448 1341 Lucilio
470 1313 660 1353 sapientior,

82 1358 189 1398 patrio
207 1368 354 1388 sermone
370 1369 495 1389 exorno
506 1382 514 1397 ‚
533 1359 662 1391 aliunde

83 1403 214 1435 laudem
231 1405 432 1436 inventionis
443 1405 556 1441 *eidem
572 1409 662 1438 Luci-

82 1450 129 1482 lio
161 1452 321 1490 reserens,
360 1453 498 1494 me=ipsi
533 1455 569 1485 in
601 1454 662 1486 hzic

83 1505 175 1541 parte
188 1499 375 1531 inferiorem
394 1501 566 1542 professus.

130 1549 322 1589 Supponere
363 1547 464 1590 igitur
509 1549 664 1581 debemus

82 1592 174 1624 hunc
188 1595 349 1636 Alpinum
359 1619 368 1634 ,
381 1597 528 1637 quisquis
546 1597 644 1628 fuerit
653 1621 661 1636 ,

83 1650 185 1682 graeca
210 1642 308 1672 verba
339 1642 380 1673 ad
404 1643 519 1674 Lucilii
549 1644 664 1676 modos

81 1687 190 1719 latinis
217 1689 466 1727 immiscentem‚
488 1691 574 1734 stylo
602 1701 663 1723 tur-

79 1734 159 1777 gido
177 1742 210 1767 et
228 1736 342 1768 inflato
368 1738 520 1769 cecinisse
542 1739 662 1771 caedem

81 1783 281 1822 Memnonis,
322 1786 461 1816 Aurorae
500 1785 580 1825 filii,
621 1788 662 1818 ab

82 1829 212 1861 Achille
230 1831 293 1861 sub
306 1833 412 1872 Trojae
429 1833 592 1864 moenibus
606 1846 664 1876 pa-

82 1883 216 1916 tratam,
250 1878 340 1919 quod
370 1879 471 1910 facete
500 1880 519 1911 a
541 1883 662 1914 Nostro

81 1924 260 1956 Memnona
283 1927 425 1968 propriis
447 1928 597 1959 manibus
609 1930 662 1968 ju-

83 1972 194 2013 gulare
209 1979 355 2010 vocatur,
372 1974 463 2015 quasi
479 1975 595 2006 infelix
610 1976 663 2015 ju-

83 2020 175 2050 venis
205 2020 363 2051 Achilleae
384 2020 504 2052 lanceae
538 2022 666 2062 minus,

84 2063 183 2105 quam
211 2066 306 2098 ferrei
340 2068 453 2098 calami
484 2071 665 2110 punctione

84 2111 267 2152 cecidisset3
282 2115 494 2156 similiterque
510 2125 664 2148 eventum

84 2158 221 2200 aliquem
240 2160 318 2199 belli
333 2164 523 2204 germanici,
540 2164 663 2196 cladem

82 2204 216 2236 fortasse
234 2205 252 2238 ἐι
272 2211 360 2241 Varo
385 2209 424 2241 ad
446 2210 553 2243 Rheni
577 2213 663 2254 ripas

83 2260 256 2296 acceptam.

765 451 962 497 Quanquzim
998 449 1067 483 non
1096 450 1302 483 dissimulan-

718 503 799 534 dum
826 509 874 533 est
900 501 969 531 haec
998 500 1116 538 verba,
1146 498 1303 542 Disfingit

718 550 826 582 Rheni
845 551 965 581 luteum
988 555 1105 589 caput,
1125 547 1218 577 aliter
1236 547 1302 588 legi

717 600 754 629 in
776 597 887 628 multis
914 595 1104 634 codicibus3
1128 594 1303 638 Dg'fsringit

717 645 831 677 Rhaeci
875 644 995 675 luteum
1035 651 1154 684 caput,·
1202 642 1301 684 porr&

717 693 858 724 Rhaecus
879 691 934 722 ille
951 691 1014 722 fuit
1038 701 1124 720 unns
1144 689 1161 720 ὲ
1185 691 1302 732 Gigan-

719 740 808 770 tibus
835 740 893 780 qui
924 740 1013 779 Jovi·
1034 737 1160 768 bellum
1184 737 1302 768 intule-

717 794 814 826 runt,
829 797 1035 828 quorumque
1047 786 1150 825 capita
1165 784 1302 816 fulmine

717 835 839 865 coelesti
849 834 971 873 dejecta
989 841 1021 864 et
1036 831 1196 874 disracta
1207 839 1303 871 sunt3

718 889 766 921 et,
794 889 831 913 nt
853 883 1032 912 Memnona
1056 880 1218 923 jugulasse
1238 880 1303 911 dic-

719 937 772 960 tus
787 937 834 960 est
849 929 991 971 Alpinus
1005 929 1060 959 ille
1071 951 1079 966 ‚
1093 927 1155 966 sic,
1170 927 1302 970 accepta

718 977 774 1008 iua
798 977 958 1014 lectione,
982 976 1095 1008 Rhaeci
1117 983 1216 1017 caput
1240 975 1303 1019 dg‘fl

709 1024 855 1068 fregisse
870 1024 1042 1055 diceretur.

768 1072 928 1104 standum
967 1072 1075 1103 tamen
1109 1071 1303 1102 arbitramur

719 1121 826 1151 multe,
839 1120 987 1162 plurium
1004 1131 1078 1152 mss.
1096 1120 1302 1157 auctoritati,

721 1175 753 1199 et
772 1167 926 1211 legendo,
953 1166 1114 1211 Dfffingit
1137 1166 1244 1198 Rheni
1260 1167 1304 1197 lu-

720 1223 806 1247 teum
830 1222 948 1257 eaput,
966 1215 1177 1257 intelligimus
1194 1214 1304 1245 Rheni

719 1264 835 1295 faciem
850 1262 915 1294 tam
931 1262 1012 1293 male
1030 1263 1191 1304 depictam
1205 1261 1304 1292 fuisse

717 1311 757 1342 ab
788 1312 930 1352 Alpino,
961 1317 999 1341 ut
1024 1311 1165 1352 turpiter
1193 1309 1234 1340 ab
1264 1319 1303 1340 eo

718 1358 895 1390 deformata
926 1357 1103 1398 videretur.
1133 1356 1302 1388 Addamus

717 1406 781 1437 hoc
801 1406 989 1447 epitheton,
1015 1405 1149 1443 luteum,
1177 1404 1216 1435 de
1239 1405 1302 1436 flu·

717 1455 806 1484 mine
825 1464 995 1495 personam
1018 1453 1176 1483 induente
1196 1453 1303 1484 multo

719 1500 835 1532 melius
851 1500 950 1542 quam
976 1501 1016 1531 de
1041 1501 1179 1543 Gigante
1200 1501 1304 1542 expli-

719 1550 804 1587 cari3
829 1548 919 1590 quod
944 1548 1076 1590 quidem
1102 1549 1137 1578 in
1156 1555 1301 1580 nostram

717 1596 862 1638 linguam
886 1596 1012 1626 Bolaeus
1041 1595 1177 1627 feliciter
1203 1604 1302 1627 trans-

717 1644 795 1674 tulit
825 1644 861 1674 in
885 1643 1011 1686 egregia
1040 1642 1096 1675 illa
1123 1643 1163 1674 ad
1192 1655 1301 1686 regem

716 1689 853 1733 epistola
864 1691 904 1722 de
917 1691 1062 1731 ejusdem
1078 1691 1185 1723 Rheni
1204 1699 1303 1722 trans-

717 1740 792 1770 itu:
817 1741 849 1770 A
878 1750 930 1770 ces
957 1746 1057 1777 mors,
1083 1747 1240 1779 essuyanc
1262 1750 1301 1770 sa

717 1787 814 1818 barbe
831 1786 1020 1818 limoneuse.

769 1835 823 1866 18.
843 1835 924 1865 Haec
947 1845 1007 1876 ego
1031 1834 1107 1865 ludo
1129 1845 1140 1865 :
1167 1844 1234 1876 prae
1256 1833 1302 1865 di-

717 1883 838 1923 gnitate
864 1889 895 1912 et
920 1880 1113 1912 difficultate
1144 1883 1302 1924 poematis

717 1930 801 1970 epici
821 1929 872 1960 vel
894 1929 1063 1960 dramatici
1086 1931 1182 1960 satira
1204 1929 1302 1960 ludus

717 1977 853 2007 Horatio
871 1977 1011 2009 videtur.
1032 1995 1080 2000 —
1096 1979 1177 2018 Quae
1191 1977 1250 2007 nec
1267 1977 1301 2007 in

721 2024 808 2054 AEde
843 2033 962 2055 sonent
994 2024 1158 2055 certantia
1190 2023 1302 2066 judice

723 2068 834 2111 Tarpei
849 2082 861 2102 .·
874 2083 944 2102 mea
961 2073 1102 2102 carmina
1117 2083 1185 2102 non
1205 2071 1303 2113 digna

719 2125 797 2148 sunt
820 2129 893 2159 quae
913 2119 1045 2160 publice
1065 2121 1244 2150 recitentur
1267 2120 1302 2150 in

720 2164 787 2195 aede
803 2166 966 2206 Apollinis
978 2189 986 2205 ,
1009 2167 1044 2196 in
1067 2178 1165 2208 qnam
1182 2177 1302 2197 conve·

719 2211 852 2243 niebant
864 2220 968 2254 poetae
979 2237 988 2252 ‚
1006 2213 1205 2244 decertantes
1219 2213 1305 2244 inter

719 2269 752 2291 se
768 2259 809 2291 de
823 2262 960 2304 praemio
975 2262 1146 2303 proposito
1165 2260 1230 2293 illis
1246 2261 1304 2302 qui
