1422 2528
533 117 612 148 LIB.
638 117 655 147 1
678 116 839 149 SATIRA
865 118 891 148 1.

1255 125 1314 156 181

98 179 210 217 Panis
223 185 387 225 ematur,
405 176 509 224 olus,
522 175 606 213 vini
624 174 817 214 sextarius
831 182 882 223 ²²3
899 174 997 213 adde

101 238 198 288 Quis
217 239 386 276 humana
400 235 476 275 sibi
493 233 623 274 doleai
641 238 793 274 Natura
813 236 974 287 negatis.
1288 252 1319 284 75

96 302 158 337 An
170 298 332 350 vigilare
346 305 452 336 metu
472 297 691 335 exanimem
703 325 714 344 ‚
734 300 944 347 noctesque
958 296 1118 349 diesque

98 358 325 397 Formidare
345 358 465 396 malos
489 357 618 405 fures,
642 357 842 406 incendia,
865 370 1020 406 servos,

100 421 160 458 Ne
175 428 212 458 te
233 419 441 470 compilent
457 418 649 469 fugientes
664 447 674 466 ,
690 417 766 455 hoc
778 417 912 469 juvat?
927 421 1078 458 Horum

97 482 258 532 Semper
273 493 346 532 ego
358 478 526 531 optarim
545 479 822 530 pauperrimus
836 492 917 518 esse
933 479 1138 521 bonorum.

151 536 208 582 At
217 542 248 582 si
263 541 462 580 condoluit
477 540 505 563 ¹³
520 548 711 578 tentatum
729 540 875 591 frigore
889 553 1033 593 corpus
1042 573 1052 591 ,
1287 558 1318 581 s„

98 608 178 643 Aut
194 604 290 642 alius
307 616 417 642 casus
435 603 536 640 lecto
551 611 587 640 te
605 601 764 649 afflixit,
785 600 906 640 habes
919 603 986 653 qui

99 665 296 714 insideat,
312 665 483 703 fomenta
500 671 631 715 paret,
652 663 847 701 medicum
866 673 978 714 roget
1005 673 1047 703 ut
1064 673 1100 703 te

99 727 288 774 Suscitet‚
310 739 354 764 ac
371 724 510 763 reddat
531 724 632 762 natis
653 723 829 775 carisque
849 725 1091 776 propinquis.

97 791 187 827 Non
206 800 308 827 uxor
323 788 472 826 salvum
490 795 528 824 te
545 786 629 824 vult
644 785 672 815 ¹4
684 813 695 833 ,
715 797 793 823 non
810 785 933 833 filius;
950 798 1082 826 omnes

98 850 226 889 Vicini
245 849 431 895 oderunt,
450 847 534 886 neni
547 874 558 894 ‚
578 846 690 898 pueri
714 855 830 898 atque
847 847 996 897 puellae.
1286 863 1318 887 „05

98 910 276 958 Miraris,
291 911 380 948 cum
397 917 438 946 tu
457 916 618 959 argento
636 915 724 957 post
739 907 870 945 omnia
885 920 1025 959 ponas,

99 973 141 1010 Si
158 983 270 1009 nemo
287 978 461 1021 praestet,
475 981 591 1019 quem
605 982 683 1022 non
697 968 880 1006 merearis
891 997 902 1016 ‚
917 982 1099 1008 amorem.

87 1035 169 1080 At,
194 1031 225 1069 si
245 1039 458 1082 cognatos?
472 1029 580 1067 nullo
595 1031 745 1067 Natura
763 1028 897 1068 labore

101 1096 210 1141 Quos
230 1091 302 1131 tibi
321 1091 405 1139 dat,
425 1089 593 1128 retinere
609 1090 704 1128 velis
724 1103 957 1141 servareque
976 1090 1142 1140 amicos;

147 1253 160 1273 1
168 1253 187 1272 2
193 1265 201 1273 .
216 1240 295 1272 Vim·
303 1239 465 1272 sextarius
473 1251 485 1271 .·
493 1238 605 1283 lagena
617 1240 680 1281 gal-

94 1287 158 1320 lies
169 1289 278 1321 minus
291 1299 409 1330 capax,
425 1299 500 1329 quae
514 1287 678 1318 sexdecim

96 1335 230 1379 cyathos
243 1337 389 1367 continet
399 1358 407 1374 ,
423 1334 502 1366 dum
520 1334 679 1365 sextarius

95 1382 267 1415 duodecim
284 1381 410 1414 tantum
425 1381 560 1424 cyathos
574 1381 678 1412 conti-

95 1429 206 1463 nebat.
245 1448 293 1454 --
330 1429 410 1470 Qnts
440 1427 570 1471 negatis
599 1438 611 1458 :
641 1438 676 1458 ea

95 1477 218 1520 quibus
232 1487 338 1508 carere
356 1476 426 1507 sine
447 1476 537 1518 gravi
550 1475 677 1506 incom-

95 1523 196 1556 modo
212 1534 281 1556 non
296 1533 479 1566 possumus.
493 1540 542 1547 ·-
554 1524 608 1552 An
629 1521 678 1552 ‘vi-

94 1571 226 1614 gilat-e?
236 1570 299 1602 hoc
315 1578 347 1602 et
358 1570 440 1601 mala
451 1580 524 1612 quae
534 1579 676 1611 sequnn-

96 1625 150 1650 tur
169 1619 257 1649 avari
280 1619 459 1660 patiuntur.
487 1617 592 1659 Ergo,
620 1615 678 1646 sal-

94 1665 160 1696 tem
188 1663 298 1707 quoad
325 1665 488 1696 bonorum
523 1673 655 1695 usuram
662 1686 673 1701 ‚

95 1712 282 1744 mortalium
311 1710 483 1743 miserrimi
511 1717 598 1742 sunt.
627 1727 675 1733 --

90 1760 148 1791 Ne
168 1767 199 1791 te
220 1759 397 1801 compilent
409 1758 577 1802 fugientes
601 1768 612 1788 .·
632 1768 674 1788 ne

94 1806 222 1849 fugam,
254 1813 285 1838 te
309 1806 464 1848 spoliato,
499 1805 670 1847 arripiant3

96 1854 183 1886 unde
210 1864 277 1886 non
300 1853 386 1885 solos
409 1853 595 1891 thesauros,
617 1850 673 1882 sed

95 1911 205 1933 servos
223 1900 320 1933 etiam
331 1899 508 1943 perdendi,
522 1909 595 1941 quae
602 1908 675 1941 pars

94 1955 142 1980 eat
155 1949 342 1980 divitiarum
352 1971 361 1987 ‚
372 1954 510 1979 aeternus
528 1956 626 1977 avaro
641 1947 676 1976 ti-

94 2005 167 2028 mor
197 1996 365 2027 incutitur.
395 1994 514 2031 Porro,
538 1992 676 2023 verbum

93 2042 288 2084 compilare,
317 2053 386 2074 non
419 2040 436 2072 ὲ
461 2039 550 2081 pilo,
577 2040 671 2078 cujus

92 2090 196 2131 prima
220 2088 344 2131 syllaba
367 2088 556 2129 corripitur,
574 2086 630 2117 sed
654 2086 672 2116 ἐι

93 2136 196 2168 verbo
212 2146 334 2178 graeco,
354 2137 456 2173 πιλῶ,
481 2133 515 2164 h.
538 2143 566 2165 e.
588 2143 673 2164 com-

87 2183 194 2224 plano
204 2205 215 2220 ‚
246 2181 460 2215 derivandum
495 2186 562 2217 est,
596 2179 674 2222 qnia

92 2231 178 2261 fures
190 2254 199 2267 ‚
216 2228 276 2260 ubi
294 2229 376 2261 aedes
393 2229 516 2270 aliquas
531 2234 674 2259 vastave-

221 2283 272 2318 Π.

735 1247 833 1278 runt,
851 1251 902 1271 res
916 1248 1078 1282 surreptas
1091 1242 1124 1272 in
1142 1243 1311 1277 minimum

734 1289 890 1329 spatium,
913 1287 1071 1329 quantum
1094 1287 1166 1320 fieri
1186 1298 1310 1332 potest,

733 1334 941 1376 complanant
956 1335 1007 1366 vel
1023 1337 1257 1379 compingunt,
1275 1348 1311 1371 ut

733 1392 784 1412 eas
800 1381 926 1412 facilius
942 1382 1145 1414 transferant.

784 1439 796 1458 1
806 1429 836 1459 3.
858 1430 906 1459 Ac
923 1429 951 1459 si
964 1429 1132 1461 condoluit
1143 1441 1155 1461 :
1167 1431 1311 1472 objectio

730 1477 837 1514 avari,
866 1477 924 1518 qni
952 1476 1015 1506 sibi
1039 1487 1081 1507 ex
1102 1477 1222 1519 opibus
1245 1482 1311 1513 suis

731 1522 890 1553 auxilium
908 1522 1021 1554 contra
1046 1524 1161 1555 malam
1191 1527 1311 1559 valetu-

731 1569 839 1600 dinem
857 1576 912 1600 aut
931 1569 1118 1612 ingruentes
1133 1583 1175 1603 ex
1188 1574 1310 1616 impro-

731 1617 800 1647 viso
816 1617 948 1648 morbos
962 1617 1145 1659 pollicetur.
1159 1637 1207 1643 —-
1229 1623 1308 1653 Ten-

731 1670 834 1694 tatum
854 1661 990 1707 frigore
1015 1676 1129 1707 corpus
1153 1678 1164 1697 :
1191 1666 1306 1700 febrim

728 1710 852 1741 indicat
871 1711 887 1741 e
904 1711 1023 1754 frigore
1051 1720 1158 1743 natam
1173 1713 1308 1756 (gallice

729 1768 793 1787 une
815 1757 918 1801 fie‘vre
949 1758 991 1789 de
1022 1758 1146 1791 rhume.
1171 1779 1219 1784 —
1250 1765 1307 1794 Fo-

729 1812 841 1835 menta
855 1815 866 1834 .·
881 1806 990 1835 omnia
1005 1807 1238 1850 cujuscumque
1253 1821 1307 1852 ge—

727 1853 814 1882 neris
833 1851 989 1891 remedia,
1013 1853 1134 1894 quibus
1150 1864 1308 1898 aegrotan-

727 1899 768 1930 tis
793 1898 947 1930 valetudo
959 1899 1070 1941 foveri
1088 1901 1190 1941 solet,
1210 1912 1307 1946 potus

728 1945 893 1983 medicos,
931 1946 1064 1986 balnea,
1102 1949 1305 1991 cataplasma-

728 1999 759 2023 ta
773 2015 782 2031 ,
802 2000 864 2023 etc.

777 2050 789 2069 1
798 2045 829 2076 4.
841 2041 919 2070 Non
941 2050 1027 2071 uxor
1037 2042 1160 2073 salvum
1171 2050 1202 2075 te
1212 2046 1286 2076 vult
1297 2058 1307 2075 .-

725 2086 852 2118 Horatii
876 2086 915 2117 ad
940 2088 1174 2128 praecedentem
1195 2091 1304 2131 objec-

726 2134 850 2164 tionem
874 2137 1053 2175 responsio.
1069 2154 1117 2161 -—
1143 2139 1191 2168 Ae
1210 2138 1238 2168 si
1257 2150 1307 2170 co-

725 2188 847 2223 gnatos
858 2181 946 2213 nullo
954 2183 1085 2214 Natura
1101 2184 1208 2216 labore
1221 2186 1306 2226 Quos

730 2227 787 2259 eibi
800 2227 868 2267 dat,
887 2228 1024 2261 retinere
1036 2230 1124 2263 velis
1138 2243 1148 2261 .·
1165 2232 1210 2262 sic
1226 2243 1305 2264 con-

1127 2284 1172 2320 16
