1422 2528
119 120 181 151 150

508 123 549 165 Q.
574 122 758 156 noaATn
781 123 933 157 nacci

220 181 266 217 In
282 192 394 229 quem
411 180 599 231 superbus
618 182 812 220 ordinarat
827 183 976 232 agmina

221 243 438 289 Mysorum,
458 250 495 277 et
514 242 552 277 in
574 254 686 291 quem
706 243 780 280 tela
796 251 906 280 acuta
921 250 1096 280 torserat.
1246 280 1249 281 ⁷
1268 253 1299 271 ¹⁰

224 301 378 337 Unxere
397 300 411 322 3
428 309 565 337 matres
582 301 661 338 Iliae
677 301 868 340 addictum
883 302 971 340 seris

221 359 388 397 Alitibus
403 369 516 409 atque
530 360 687 398 canibus
703 362 935 400 homicidam
956 364 1178 406 Hectorem,

221 421 423 470 Postquam
443 421 582 458 relictis
597 422 782 460 moenibus
801 436 868 460 rex
887 422 1052 474 procidit

220 483 324 518 Heu!
345 480 553 530 pervicacis
574 481 620 518 ad
641 482 754 531 pedes
771 483 941 522 Achillei.

222 543 355 578 Setosa
372 541 478 577 duris
497 543 656 578 exsuere
672 542 836 592 pellibus
1273 542 1303 572 ’ἵ

224 600 426 638 Laboriosi
447 600 608 651 remiges
623 603 790 651 Ulyssei',

222 660 383 698 Volente
400 659 523 707 Circe,
542 661 727 710 membra3
750 666 839 701 time
856 674 959 700 mens
974 670 1011 700 et
1023 673 1138 700 sonus

225 719 398 766 Relatus,
419 729 532 769 atque
553 730 664 759 notus
679 722 717 759 in
731 723 857 760 vultus
871 722 1007 759 honor.

225 778 325 816 Dedi
343 777 432 816 satis
451 780 642 830 superque
660 794 856 831 poenarum
873 780 969 830 tibi,-

224 840 360 876 Amata
378 839 503 876 nautis
520 840 678 878 multam
697 849 733 877 et
749 839 986 878 institoribus
1003 839 1031 877 4.
1273 855 1304 873 ²0

223 897 335 948 Fugit
346 891 540 948 juventas,
560 908 597 937 et
612 900 847 938 verecundus
865 900 969 937 color
985 897 1001 921 5

122 1069 193 1101 quae
216 1060 302 1101 regio
325 1066 372 1090 est
395 1060 528 1091 minoris
548 1062 632 1092 Asiae
649 1059 687 1090 ad

121 1106 376 1146 Hellespontum.
399 1105 480 1137 Cum
503 1108 631 1138 Graecos
647 1107 686 1136 ad

122 1154 291 1191 Trojanam
323 1152 558 1193 expeditionem
589 1152 686 1194 profi-

123 1199 274 1229 ciscentes
288 1198 442 1239 impedire
460 1206 629 1230 conaretur
646 1210 686 1228 ne

121 1255 178 1286 per
204 1241 345 1286 Mysiam
372 1246 433 1274 iter
463 1245 617 1284 facerent,
645 1245 686 1275 ab

121 1289 246 1322 Achille
261 1291 444 1321 vulneratus
459 1298 515 1323 est.
540 1292 599 1331 Cui
620 1292 686 1332 pla-

121 1347 167 1378 gae
193 1335 266 1366 ciun
280 1336 456 1366 remedium
472 1338 599 1367 nullum
614 1337 686 1367 satis

118 1383 270 1413 idoneum
309 1384 518 1423 reperiretur,
557 1383 685 1413 oraculo

119 1439 306 1470 responsum
334 1436 398 1467 est,
427 1429 494 1459 fore
523 1436 560 1459 ut
578 1428 686 1463 eadem

120 1475 223 1512 hasta,
254 1474 316 1516 qua
349 1476 450 1505 fuerat
482 1476 684 1513 vulneratus,

119 1528 292 1553 sanaretur.
307 1521 397 1552 Adiit
411 1520 509 1563 igitur
530 1522 686 1552 Achillem

120 1568 273 1608 supplex,
287 1574 320 1598 et
337 1568 376 1597 ab
387 1578 427 1598 eo
442 1569 638 1608 impetravit,
651 1575 687 1597 ut

121 1625 161 1644 ex
173 1614 288 1649 hastae,
307 1614 369 1653 qua
388 1616 470 1644 ictus
494 1621 575 1651 erat,
601 1614 688 1644 rubi-

122 1661 212 1702 gine,
249 1660 400 1701 malagma
433 1659 620 1697 conficeret,
651 1671 687 1690 ac

122 1706 247 1736 vulneri
285 1716 343 1736 suo
380 1708 561 1747 imponeret
590 1717 686 1747 :quo

122 1752 223 1790 facto,
245 1753 349 1782 statim
364 1754 528 1783 sanitatem
544 1759 589 1783 est
611 1763 687 1783 con-

121 1805 258 1829 secutus.
291 1800 375 1829 Hinc
409 1799 527 1829 lancea
556 1798 688 1830 Achillis

121 1846 155 1875 in
172 1846 379 1885 proverbium
405 1846 545 1883 transiit,
571 1855 688 1875 memo-

121 1898 271 1930 raturque
295 1891 419 1932 quoties
448 1891 566 1921 malum
590 1891 687 1932 quod-

119 1937 198 1967 libet
213 1944 244 1966 et
260 1937 399 1976 ejusdem
421 1938 494 1967 mali
514 1938 688 1968 remedium

121 1983 260 2013 eamdem
293 1983 412 2014 habent
447 1985 619 2025 originem,
652 1991 689 2013 ut

120 2040 151 2060 v.
166 2041 195 2070 g.
210 2030 348 2060 formosa
359 2030 582 2071 mulier,praeli
592 2030 688 2060 liber-

122 2083 183 2111 tas,
201 2083 261 2106 etc.

169 2123 199 2152 3.
232 2123 361 2152 Unxere
385 2132 396 2151 :
422 2121 523 2159 aliter,
555 2122 687 2158 luxere;

120 2168 197 2208 quid
229 2168 380 2198 interest?
407 2185 453 2191 —-
484 2169 554 2198 Heu
565 2170 579 2198 Ι
608 2168 689 2198 refer

116 2214 198 2245 hanc
212 2214 490 2254 exclamationem,
507 2225 574 2245 non
593 2214 631 2244 ad
649 2225 683 2244 ea

738 1073 809 1104 quae
840 1055 1030 1103 sequuntur,
1062 1060 1117 1092 sed
1149 1060 1189 1092 ad
1217 1061 1303 1091 triste

738 1109 951 1150 spectaculum
968 1109 1047 1149 regis
1057 1131 1066 1144 ‚
1079 1108 1191 1148 patris,
1203 1107 1286 1137 senis
1294 1129 1303 1144 ,

739 1155 778 1184 ad
800 1154 935 1185 Achillis
953 1153 1048 1196 pedes
1068 1153 1243 1194 provoluti.
1258 1169 1304 1176 —

740 1203 851 1230 Secosa
872 1199 976 1236 duris,
995 1206 1055 1231 etc.
1071 1209 1079 1230 τ
1093 1200 1194 1230 socios
1209 1199 1305 1240 Ulys-

738 1248 779 1276 sis
793 1245 811 1276 ἓι
826 1247 915 1278 Circe
927 1247 962 1276 in
974 1255 1044 1275 sues
1057 1251 1194 1276 mutatos
1211 1244 1306 1275 fuisse

737 1292 867 1334 vulgare
879 1299 936 1323 est.
954 1309 1000 1316 —
1019 1293 1112 1322 Mens
1125 1301 1137 1322 .·
1149 1291 1241 1322 ratio.
1259 1308 1305 1314 —

740 1340 843 1368 Sonus
861 1349 873 1368 .·
888 1349 954 1368 vox
976 1338 1124 1369 humana.
1138 1354 1186 1361 —-
1202 1337 1304 1368 Notus

738 1383 839 1414 honor
853 1394 864 1414 .·
881 1385 1012 1425 pristina
1036 1383 1145 1414 formae
1159 1383 1303 1425 dignitas.

786 1437 815 1467 4,
839 1432 962 1460 Amata
989 1429 1096 1460 nautis
1116 1429 1248 1460 multicm
1274 1437 1306 1459 ee

738 1475 930 1507 institoribus
949 1487 960 1506 .·
976 1477 1011 1506 in
1024 1487 1062 1506 eo
1080 1476 1302 1508 consistit‘ver-

739 1521 791 1552 sus
805 1523 937 1562 hujusce
953 1529 1100 1554 venustas
1109 1545 1118 1559 ,
1140 1521 1227 1563 quod
1241 1522 1305 1563 pri-

739 1568 827 1599 mum
862 1568 1000 1600 Canidiae
1034 1567 1306 1609 pulchritudinem

739 1615 865 1645 laudare
876 1615 1029 1652 videatur,
1038 1614 1228 1655 laudemque
1236 1623 1306 1655 pro-

740 1660 826 1691 tinus
842 1662 979 1703 corrigat
998 1667 1029 1691 et
1043 1667 1206 1698 retractet,
1229 1658 1305 1690 dum

741 1718 808 1737 eam
821 1707 953 1738 multllm
966 1706 1096 1748 quidem
1111 1705 1218 1737 amari
1225 1729 1236 1743 ,
1249 1705 1304 1736 sed

740 1753 760 1783 ὰ
787 1753 892 1783 nautis
916 1760 949 1783 et
973 1752 1167 1783 institoribus
1185 1753 1303 1783 asserit.

739 1799 837 1830 Porro
854 1807 901 1830 est
920 1798 1038 1840 aliquid
1053 1799 1190 1840 ambigui
1205 1798 1240 1828 in
1255 1797 1305 1828 his

739 1846 872 1876 vocibus
883 1868 891 1883 ‚
915 1845 1022 1875 nautis
1043 1852 1075 1874 ee
1092 1843 1301 1880 institoribus,

739 1903 797 1933 per
809 1902 887 1932 quas
897 1890 1066 1932 significari
1076 1890 1165 1931 aeque
1174 1896 1308 1931 possunt

741 1938 886 1979 opulenti
903 1945 1089 1968 mercatores
1104 1946 1305 1978 magnorum-

741 1994 803 2025 que
858 1990 1040 2014 tractatores
1081 1983 1284 2023 negotiornm
1297 2004 1306 2018 ‚

741 2030 792 2060 vel
810 2029 895 2060 istud
921 2029 1087 2060 hominum
1111 2038 1226 2069 genus,
1250 2028 1307 2068 qui

741 2077 775 2106 in
803 2086 837 2106 re
861 2074 1015 2106 maritima
1040 2075 1178 2111 ultimis,
1203 2075 1239 2104 in
1273 2083 1306 2103 re

740 2122 927 2152 mercatoria
963 2121 1152 2162 turpissimis
1190 2119 1308 2150 muniis

743 2168 931 2209 funguntur.

788 2215 819 2245 5.
849 2212 1049 2244 Verecundns
1070 2212 1158 2243 color
1176 2221 1187 2242 .·
1207 2210 1307 2248 color,
