1422 2528
498 130 577 162 ΠΒ.
594 130 611 160 Ι
635 128 804 182 ὃΑΤΙΒΑ)
819 130 866 161 11.

1228 141 1289 173 191

123 191 262 231 Villius
278 199 308 215 ¹²
326 191 367 230 in
387 192 546 239 Fausta,
567 190 683 229 Sullae
701 183 832 241 geffi,
852 188 928 227 hoc
944 190 1063 228 miser
1079 203 1158 229 uno

68 253 235 291 Nomine
259 253 466 304 deceptus,
486 264 619 303 poenas
634 251 741 289 dedit
757 251 881 301 usque
898 251 1094 302 superque
1256 262 1290 287 65

23 344 26 349 ,
50 309 60 320 “
71 315 199 362 Quum
215 315 306 352 satis
322 321 399 362 est,
420 313 560 364 pugnis
575 325 698 351 caesus
715 312 898 363 ferroque
914 313 1074 363 petituS,

149 373 257 412 lusus
276 374 360 412 fore
372 403 381 421 ,
399 387 521 425 quum
539 376 791 424 Longarenus
808 374 908 411 foret
927 375 1043 412 intus.

67 427 71 433 ¹
106 435 170 473 uic
186 435 218 474 si
237 435 407 474 mutonis
423 433 451 458 ¹³
466 433 597 473 verbis
618 435 719 472 mala
739 431 846 473 thnta
860 435 1007 473 videnti

65 495 224 534 Diceret
244 495 329 535 haec
347 496 498 535 animus
518 510 526 532 :
543 513 559 531 α
573 495 678 544 Quid
696 497 751 534 vis
772 496 868 535 tibi?
885 496 1074 548 numquid
1092 510 1165 549 ego
1182 501 1204 536 ἐι
1222 508 1259 537 te

67 574 82 591 »ι
100 561 243 609 Magno
260 566 492 611 prognatum
509 559 682 610 deposco
696 560 854 596 consule
874 572 1042 597 cunnum
1054 590 1063 608 ,
1253 580 1286 606 τι,

66 636 82 653 »
99 620 359 672 Velatumque
379 621 497 668 stolii,
511 634 597 658 mea
620 634 741 672 quum
758 622 980 661 conferbuit
1000 623 1086 661 ira?
1101 640 1116 658 »

66 681 175 730 Quid
193 681 475 735 responderet?
494 700 509 717 «
525 686 667 734 Magno
691 692 802 734 patre
818 692 906 721 nata
925 684 1051 735 puella
1067 694 1165 724 este»

63 745 116 782 At
130 742 278 794 quanto
299 744 461 783 meliora
481 748 631 791 monet,
649 746 940 796 pugnantiaque
959 746 1042 785 istis
1060 747 1109 796 ¹4,

62 803 180 843 Dives
199 804 286 856 opis
301 806 452 844 Natura
468 819 568 854 suae,
591 806 624 843 si
644 815 686 844 tu
707 804 825 844 modo
846 809 950 845 recte

56 984 210 1014 pecc-esve
221 972 355 1017 togatiz'?
363 976 493 1016 Repetit
503 976 562 1006 tria
573 986 643 1006 mu-

62 1021 180 1051 lierum
196 1031 325 1063 genera
355 1021 395 1051 de
428 1022 549 1062 quibus
578 1022 644 1061 jaim

62 1069 138 1110 egit.
155 1068 292 1100 Ancilla
304 1066 405 1110 igitur
419 1068 473 1099 hic
482 1069 645 1100 libertinae

60 1114 171 1146 locum
181 1139 191 1155 ,
205 1123 319 1158 togata
335 1117 512 1146 meretricis
535 1123 642 1155 tenet3

58 1161 187 1204 legibus
211 1163 297 1195 enim
326 1170 459 1194 cautum
482 1164 587 1194 fuerat
607 1172 645 1195 ut

58 1210 243 1251 prostibula
257 1221 326 1246 non
343 1210 407 1242 nisi
432 1210 530 1253 longia
554 1218 643 1242 veste

56 1257 191 1292 inducta
210 1258 246 1288 in
260 1258 432 1300 publicum
450 1258 639 1299 prodirent,

57 1310 90 1334 et
101 1304 146 1336 sic
158 1305 199 1336 ab
208 1304 354 1339 honestis
367 1307 526 1336 matronis
538 1317 641 1337 secer-

56 1358 223 1384 nerentur.
235 1353 322 1384 Huic
333 1353 413 1384 vesti
428 1359 511 1395 togae
521 1362 640 1392 minen

56 1398 198 1433 inditum
213 1399 334 1438 fuerat,
353 1399 429 1441 qui&
445 1399 487 1430 ad
501 1400 641 1432 sormam

57 1451 140 1488 togoe
169 1446 272 1481 virilis
291 1447 437 1479 confecta
465 1453 548 1485 erat,
584 1454 637 1486 ut,

55 1503 128 1534 quae
155 1499 270 1529 flexum
293 1505 388 1526 suum
418 1494 564 1525 moribus
587 1494 641 1526 ab-

55 1548 204 1580 nuemnt,
216 1541 348 1573 alterius
363 1539 460 1573 sexus
470 1541 619 1572 habitum
627 1564 636 1580 ‚

54 1596 93 1623 ut
104 1587 150 1619 itii
163 1588 286 1626 dicam,
302 1588 551 1630 praetenderent.

104 1646 116 1666 t
125 1646 156 1667 ιι.
167 1635 283 1667 Villius
297 1647 309 1666 :
318 1646 397 1678 gens
403 1636 514 1673 Vinia,
524 1638 637 1667 Romee

53 1683 199 1724 insignis.
221 1700 273 1719 ——7
283 1684 322 1713 In
339 1680 460 1714 Fausta
473 1693 484 1713 :
499 1684 635 1722 Fausta,

52 1726 119 1762 filia
143 1730 258 1769 Sullae,
286 1741 416 1761 morum
442 1728 574 1761 licenti&
601 1737 634 1761 et

52 1784 233 1809 amatorum
254 1787 393 1809 numero
419 1776 558 1808 infamis.
585 1794 634 1801 —

53 1824 154 1862 8141!ae
163 1835 268 1868 ἕωθεν
279 1836 291 1855 .·
311 1836 380 1856 non
393 1824 505 1856 reverti
523 1835 633 1866 gener,

51 1869 107 1902 sed
125 1882 194 1904 sese
207 1871 252 1904 itia
266 1871 448 1914 appellans,
470 1875 500 1903 et
514 1882 553 1902 eo
571 1882 632 1903 no-

50 1919 137 1952 mine
156 1918 363 1962 superbiens,
388 1918 479 1961 qnod
502 1918 634 1950 dictato-

50 1966 95 1996 ris
120 1964 220 2000 filiam
240 1967 460 2008 stupravisset.
484 1983 532 1991 ο·-
562 1966 632 1996 Ex-

50 2011 247 2056 clu-§usfore
261 2025 274 2045 .·
282 2013 359 2056 fhre
367 2036 379 2051 ,
404 2014 440 2043 in
455 2012 628 2055 singulari,

50 2059 142 2099 quod
163 2061 249 2099 τινὰ,
256 2067 442 2102 usurpatur,
468 2070 548 2101 pro,
574 2070 631 2089 ex-

49 2105 154 2138 clusus
166 2106 306 2150 jor-ibus.
320 2125 369 2131 —
389 2109 603 2148 Longarenus
618 2117 631 2136 .-

49 2152 130 2184 alter
144 2155 268 2187 Faustae
282 2161 418 2192 amaror,
432 2153 534 2186 Vilh‘o
546 2163 629 2196 prae-

49 2199 143 2232 latus.

97 2247 149 2278 13.
170 2247 313 2280 Maeonis
331 2259 343 2279 .·
362 2259 420 2290 per
437 2255 600 2281 mutouem
613 2270 622 2283 ,

697 975 850 1018 intelligit
878 982 1001 1017 partem
1025 977 1113 1008 illam
1134 976 1197 1018 quai
1218 979 1281 1008 viri

699 1033 819 1053 sumus.
857 1025 1020 1064 Supponit
1050 1023 1151 1066 igitur
1179 1036 1279 1056 mem-

699 1069 796 1100 brum
817 1069 898 1099 illud
911 1070 950 1100 ad
963 1070 1134 1102 libidinem
1150 1082 1280 1114 promp-

699 1123 770 1147 tum
801 1127 915 1147 vocem
939 1119 1030 1159 quasi
1059 1119 1218 1160 accipere,
1247 1127 1280 1150 et

698 1163 838 1194 Villium
854 1164 987 1206 alloqui.
1011 1165 1149 1197 Animus
1170 1166 1279 1198 autem

696 1221 878 1242 sermonem
901 1212 1043 1242 mutonis
1066 1214 1210 1254 apprime
1232 1215 1281 1244 in-

697 1258 821 1300 telligit.
848 1276 895 1282 -——
927 1261 1056 1302 Illagno
1077 1268 1276 1302 prognatum

696 1306 825 1336 consule
840 1317 982 1336 cunnum
999 1318 1011 1336 .·
1033 1308 1204 1338 mulierem
1216 1319 1277 1339 no-

696 1352 819 1382 bilitate
849 1360 880 1383 et
913 1355 1049 1395 originis
1085 1356 1278 1396 antiquitate

695 1400 866 1431 celebrem.
879 1418 927 1424 --
941 1403 970 1429 V
970 1401 1156 1443 elatumque
1168 1400 1255 1432 seold
1265 1413 1277 1433 .·

693 1447 777 1478 stola
795 1448 890 1478 vestis
903 1455 970 1478 erat
985 1455 1217 1481 matronarum.
1228 1468 1275 1474 —-

694 1496 773 1525 Mea
797 1495 868 1524 οιίιη
891 1495 1072 1535 conferbuit
1091 1495 1173 1540 iraff
1199 1495 1273 1528 cum

691 1541 829 1572 libidine
844 1542 1012 1574 incendor.
1033 1543 1182 1575 Obscena
1202 1545 1274 1584 qui-

691 1588 764 1619 dem
777 1611 786 1626 ,
807 1589 863 1619 scd
885 1589 1161 1621 vehementissima
1175 1597 1273 1621 meta-

689 1635 792 1677 phora
817 1647 907 1676 quae,
932 1647 990 1678 per
1014 1636 1098 1667 illud
1122 1631 1272 1680 Vfrgilia-

689 1693 768 1713 num
778 1706 786 1720 ,
802 1685 840 1712 In
843 1683 955 1725 florias
969 1683 1142 1726 ignemque
1150 1692 1268 1722 ruunt,

689 1730 809 1771 Georg.
824 1731 871 1760 111
884 1753 892 1768 ‚
910 1736 976 1767 244
987 1754 996 1769 ,
1010 1731 1103 1767 facile
1117 1732 1271 1772 explicari

686 1785 805 1818 posset.
829 1795 877 1800 —-
913 1778 1003 1818 Quid
1030 1778 1238 1818 responderet
1251 1782 1275 1809 ι’·

686 1824 808 1854 Villius
821 1823 954 1856 scilicet.
971 1843 1021 1849 ——
1034 1827 1159 1867 Magno
1169 1834 1271 1866 patre

687 1878 770 1902 nata
794 1872 908 1912 puella
937 1880 985 1902 est
1008 1883 1021 1902 .·
1049 1883 1118 1903 nou
1147 1873 1269 1914 ipsam,

687 1917 743 1949 sed
756 1919 825 1958 ejus
840 1919 1043 1950 nobilitatem
1063 1918 1171 1951 ardeo.

738 1971 789 2002 14.
810 1966 1064 2008 Pugnantiaque
1083 1965 1150 1997 istis
1171 1977 1183 1996 :
1202 1972 1268 1997 tuae

685 2013 806 2043 insanae
820 2014 988 2054 opinioni,
1010 2013 1105 2051 Villi,
1130 2014 1266 2044 omniuo

686 2061 860 2090 contraria.
875 2077 921 2083 —-
944 2060 1040 2091 Dives
1052 2060 1120 2101 opis
1134 2061 1265 2091 Natura

683 2115 751 2137 suae
770 2117 782 2136 :
797 2117 870 2148 quae
885 2105 961 2138 solis
982 2106 1102 2148 opibus
1116 2117 1195 2148 quas
1209 2106 1265 2136 illa

684 2151 758 2191 dat,
781 2161 822 2184 ut·
846 2153 1106 2194 pulchritudine,
1125 2152 1263 2192 juvenili

681 2198 791 2230 vultus
801 2200 926 2239 decore,
942 2200 1072 2233 beatum
1086 2207 1118 2231 te
1133 2198 1262 2231 efficere

680 2253 805 2288 potest,
832 2246 910 2278 dum
934 2247 1075 2278 fortunae
1093 2246 1195 2284 dona,
1223 2251 1262 2277 ut
