1422 2528
557 84 639 116 Lm.
662 83 695 114 V
718 82 807 115 ODE
831 82 875 112 11.
1287 81 1330 111 85

324 147 489 183 Somnos
511 141 619 194 quod
636 141 774 179 invitet
789 139 904 178 leves.

213 210 284 255 At,
307 209 394 245 cum
418 204 722 244 tonantisannus
742 201 943 252 hybernus
958 202 1067 241 Jovis
1084 202 1099 226 ⁶

318 267 469 308 Imbres
484 267 669 316 nivesque
685 273 904 315 comparat,
1294 273 1326 298 30

211 333 292 368 Aut
309 330 431 368 trudit
447 339 554 367 acres
568 325 660 365 hinc
677 335 715 364 et
734 325 826 364 hinc
845 326 965 364 multai
983 340 1077 364 cane

318 394 447 442 A'pros
462 390 502 428 in
519 388 719 427 obstantes
737 388 891 439 plagas;

211 454 290 490 Aut
306 452 421 490 amite
439 451 516 489 levi
532 463 621 488 rara
641 448 764 487 tendit
783 448 898 497 retia,

321 511 462 550 Turdis
477 510 666 549 edacibus
679 509 789 548 dolos
799 538 809 557 ,

210 574 448 612 Pavidumve
467 575 660 625 leporem,
677 581 716 610 et
731 572 922 610 advenam
938 570 1078 622 laqueo
1097 584 1231 623 gruem
1289 581 1319 607 35

315 636 495 674 Jucunda
513 643 642 686 captat
656 634 828 685 praemia.

212 697 308 745 Quis
326 711 404 735 non
422 698 629 743 malarum,
649 709 744 746 quas
760 708 870 733 amor
889 708 1000 733 curas
1020 694 1158 743 habet,

317 761 410 797 Haec
432 758 533 796 inter
546 757 790 796 obliviscitur
807 759 846 794 7?

209 818 327 867 Quod
347 820 381 857 si
397 819 539 872 pudica
555 819 694 857 mulier
712 820 727 843 ὅ
745 819 786 856 in
807 827 956 870 partem
967 819 1081 870 juvet

102 977 208 1007 Luem
221 973 395 1018 eratseliae
405 997 414 1012 ‚
432 972 589 1005 hederoso
606 984 684 1004 con-

102 1022 182 1054 situs
216 1030 327 1061 antro,
363 1021 535 1063 Multaque
567 1021 684 1052 nativis

79 1077 84 1082 '
102 1069 256 1111 obstrepit
267 1070 364 1101 arbor
380 1068 486 1111 aquis.

147 1118 182 1149 6³.
192 1118 241 1148 Ac
253 1118 326 1150 cum
341 1115 488 1148 tonantis
501 1127 611 1146 annus
626 1114 683 1155 hy-

99 1165 217 1208 bernus
233 1165 334 1202 Iovis5
357 1171 396 1195 ut
411 1163 510 1195 modo
524 1164 682 1195 Auctum-

98 1222 181 1244 num
191 1235 201 1251 ‚
231 1213 277 1244 sic
311 1210 404 1243 nunc
431 1213 592 1254 Hyemem
622 1222 681 1253 per

98 1260 260 1302 poeticam
269 1259 485 1303 periphrasim
499 1266 600 1291 notat.
613 1260 681 1290 An-

99 1316 162 1338 nus
181 1307 290 1339 autem
313 1307 369 1338 hic
395 1318 456 1350 pro
478 1308 555 1337 anni
587 1313 679 1348 parte

99 1355 239 1386 sumitur
260 1365 320 1397 per
336 1355 504 1397 epitheton
532 1352 679 1391 definiti,

99 1411 160 1443 pro
181 1401 220 1432 ei
247 1409 436 1444 tempestate
467 1411 541 1444 quae
567 1400 680 1440 hyems

99 1448 291 1491 apponatur.
316 1450 420 1481 Porro
441 1449 534 1490 quod
554 1447 606 1478 his
625 1459 680 1479 vo-

99 1494 210 1536 cibus,
245 1495 394 1527 tonantis
438 1496 543 1533 Jovis,
581 1502 678 1536 poeta

98 1549 208 1574 utatur
221 1543 270 1574 nil
291 1544 426 1582 mirum,
445 1541 520 1574 cum
538 1544 574 1573 in
587 1542 678 1573 Italiai

97 1588 161 1622 sub
174 1589 277 1621 finem
287 1591 454 1622 auctumni
463 1614 472 1628 ‚
487 1589 617 1632 quando
629 1591 679 1620 in-

95 1643 160 1669 stat
183 1636 301 1668 nivium
317 1645 351 1669 et
367 1637 514 1668 imbrium
531 1644 678 1678 tempus,

97 1685 276 1716 tonitribus
303 1695 358 1716 aer
382 1684 569 1727 frequenter
590 1695 678 1716 reso-

96 1738 163 1764 net.
183 1732 269 1764 Sunt
282 1732 389 1764 tamen
399 1733 473 1774 qui,
487 1743 546 1774 per
561 1739 677 1763 tonan-

96 1786 162 1811 tem
189 1781 322 1818 Jovem,
348 1791 452 1810 aerem
480 1786 652 1810 ventosum
662 1802 672 1818 ‚

94 1826 316 1868 procellosum
346 1824 524 1869 simplicius
553 1827 673 1858 intelli-

95 1880 190 1917 gunt.
206 1892 254 1919 .-“
267 1875 395 1918 Plagas
416 1885 429 1905 .·
461 1874 565 1916 plagae
595 1881 674 1906 sunt

94 1921 174 1953 retia
191 1920 324 1954 densius
339 1928 508 1960 contexta;
528 1922 608 1952 retia
621 1933 674 1953 ve-

94 1968 132 2000 ro
161 1969 341 2001 rarioribus
362 1968 608 2010 laxioribusque
622 1969 674 2000 in-

94 2016 235 2048 tea-vallis
246 2016 674 2059 compinguntur.·—Amite

96 2062 158 2094 levi
172 2074 186 2095 .·
199 2074 301 2103 ames,
318 2064 456 2095 bacillus
475 2070 523 2094 est
537 2070 594 2094 aut
606 2065 672 2095 vir-

95 2119 150 2152 ga,
166 2110 308 2154 oblonga
319 2135 329 2150 ‚
343 2119 426 2142 teres
452 2118 484 2142 et
502 2110 604 2153 polita
615 2133 625 2149 ,
637 2113 674 2143 in

95 2155 159 2198 qui
179 2159 260 2190 retia
277 2158 322 2190 itai
339 2159 555 2201 explicantur,
575 2166 614 2190 ut
628 2159 673 2190 fa·

98 2203 193 2236 cilem
209 2206 382 2238 introitum
398 2206 514 2239 avibus
526 2213 584 2238 aut
598 2207 674 2238 feris

284 2262 335 2298 ΙΙ.

736 972 924 1015 praebeant‚
946 973 1098 1003 celeriter
1116 974 1196 1005 vero
1215 981 1248 1005 et
1270 985 1319 1006 ra-

736 1019 814 1062 pidzi
827 1020 1066 1051 machinatione
1084 1022 1121 1051 in
1135 1032 1168 1052 se
1182 1021 1324 1054 redeun-

735 1069 791 1106 tia,
806 1068 949 1110 praedam
968 1069 1130 1109 captivam
1146 1071 1320 1103 retineant.

734 1133 782 1140 —-
804 1115 918 1147 Turdis
937 1115 1090 1146 edacibus
1115 1115 1208 1148 dolos
1222 1128 1234 1147 :
1251 1124 1319 1148 tur-

734 1162 795 1194 dus
811 1162 824 1205 (
838 1163 968 1205 gallice,
988 1162 1023 1194 Ia
1047 1162 1160 1206 grive)
1176 1165 1244 1196 avis
1261 1176 1318 1207 pe·

734 1212 884 1254 regrina,
906 1209 1023 1241 naturai
1061 1209 1120 1241 sua
1145 1213 1316 1244 voracissi-

734 1269 803 1297 ma,
837 1265 871 1290 et
903 1259 961 1297 eo,
996 1258 1159 1291 illecebris
1195 1258 1317 1293 d'olosae

734 1317 814 1337 escae
838 1306 939 1337 semel
961 1307 1137 1348 appositis,
1158 1315 1256 1349 captu
1271 1308 1316 1339 fa-

734 1354 866 1386 cillima.
894 1371 943 1378 —
967 1356 1102 1396 Laqueo
1117 1364 1130 1384 .·
1149 1355 1315 1398 jungenda

733 1400 803 1431 haec
830 1412 898 1432 vox
937 1412 1013 1432 cum
1044 1401 1146 1432 verbo
1183 1409 1314 1444 captae,

733 1446 846 1479 versus
886 1449 1062 1490 sequentis.
1088 1465 1136 1472 —-
1161 1451 1314 1482 Iucunda

730 1496 870 1536 praemia
888 1506 900 1526 .·
925 1495 1034 1537 praeda
1057 1496 1144 1527 enim
1168 1499 1314 1529 venatica

733 1545 882 1575 venatori
904 1543 1056 1574 laborum
1086 1550 1119 1575 et
1148 1546 1313 1586 patientiae

731 1589 917 1621 dulcissima
936 1602 1070 1622 merces.

782 1649 812 1678 7.
835 1638 915 1680 Quis
939 1649 1005 1668 non
1035 1639 1210 1677 malarum,
1230 1652 1313 1682 quas

731 1696 827 1716 amor
847 1697 944 1716 curas
970 1685 1086 1724 habet,
1119 1687 1202 1718 Haec
1229 1688 1316 1723 inter

731 1732 947 1764 obliviscitur?
975 1734 1077 1764 otiosa
1109 1734 1311 1767 urbanorum

728 1779 900 1812 homiuum
908 1781 973 1811 vita
984 1780 1216 1822 cupiditatibus
1225 1784 1310 1819 viam

727 1829 848 1869 aperit,
881 1839 954 1869 quae
987 1828 1071 1859 curis
1099 1835 1132 1859 et
1163 1830 1204 1860 iis
1234 1833 1308 1872 qui-

727 1874 801 1906 dem
809 1875 918 1913 malis,
935 1875 968 1908 h.
985 1887 1014 1908 e.
1030 1875 1238 1916 crudelibus,
1249 1879 1309 1909 im-

727 1923 921 1962 miscemur,
955 1922 1035 1954 dum
1070 1924 1121 1954 vir
1147 1926 1305 1966 rusticus,

726 1968 796 2001 hoec
805 1970 901 2008 inter,
917 1970 951 2002 h.
966 1982 994 2003 e.
1006 1973 1225 2003 innocuorum
1239 1974 1307 2006 sive

726 2017 876 2049 laborum
902 2019 971 2050 sive
989 2019 1196 2061 voluptatum
1223 2022 1305 2052 serie

727 2064 895 2104 detentus,
913 2077 1019 2098 mores
1048 2067 1090 2098 ab
1114 2069 1205 2100 omni
1231 2068 1306 2100 labe

726 2123 827 2154 puros
837 2121 953 2146 servat.

775 2160 807 2192 8.
822 2161 919 2202 Quod
925 2161 956 2192 si
958 2161 1084 2203 pudica
1096 2161 1224 2200 mulier,
1239 2170 1305 2196 etc.

725 2206 822 2250 longa
837 2208 1012 2242 admodum
1022 2209 1179 2254 periodus
1187 2210 1229 2241 ad
1240 2221 1307 2242 ver-

1117 2263 1140 2300 8
