1422 2528
121 143 126 150 '
139 145 205 182 248

531 150 573 192 Q.
597 150 782 184 nomn-11
802 150 955 184 mom

138 206 236 242 Tum
251 206 504 246 Praenestinus
521 216 536 239 ⁷
549 209 648 247 salso
665 211 902 261 multumque
915 210 1050 248 fluenti

137 265 326 315 Expressa
342 265 499 305 arbusto
518 270 659 320 regerit
679 270 866 314 convicia,
888 270 1007 308 durus

134 324 410 375 vindemiator,
425 337 462 366 et
480 328 661 377 invictus,
680 330 746 367 cui
763 331 862 381 saepe
879 329 1004 367 viator
1027 353 1030 356 ·
1292 338 1324 363 3⁰

135 384 333 432 cessisset,
352 389 490 439 magna
513 390 743 440 compellans
760 403 855 428 voce
870 389 1073 429 cucullum.

137 554 215 594 ripis
253 555 356 584 insitae
390 555 430 585 ab
460 556 531 597 ipso
562 557 704 589 fluminis

138 610 235 630 cursu
262 601 459 640 auferuntur,
484 603 630 645 nihilque
649 615 704 635 eo-

138 656 210 676 rum
221 648 325 677 securi
335 647 491 689 agendum
503 649 704 691 relinquunt.

139 693 209 723 Alii
221 693 261 723 de
276 693 423 724 locorum
445 693 634 726 difficultate
656 698 704 727 in-

135 745 364 780 terpretantur,
398 751 469 781 quae
503 742 639 783 abrupta
673 750 704 773 et

136 786 224 815 invia
239 786 381 816 violento
394 787 554 818 undarum
565 788 705 819 decursu

135 831 218 862 facta
231 838 322 870 sunt,
345 831 384 862 ad
402 844 474 874 quae
497 833 596 876 igitur
618 845 704 866 acce-

135 877 211 909 dere
252 889 319 909 non
337 877 568 922 ‘lignatoribus
606 882 705 924 magis

136 935 234 966 quam
265 925 398 956 cuilibet
427 927 482 957 alii
510 929 628 958 viatori
658 929 703 959 fas

137 978 195 1002 est.
224 972 391 1002 Dacierius
430 972 568 1015 denique
601 975 704 1006 credit

134 1017 188 1048 hic
207 1017 305 1048 alludi
326 1018 365 1048 ad
379 1019 521 1050 fabulam
537 1021 703 1061 lignatoris

136 1065 311 1106 AEsopiani,
320 1066 411 1103 cujus
418 1067 539 1096 securis
547 1068 580 1097 iu
590 1077 704 1109 aquam

135 1110 358 1152 imprudenter
367 1111 494 1144 decidit.
505 1115 555 1144 Ex
565 1115 658 1144 variis
667 1115 703 1145 il-

134 1157 173 1187 lis
183 1152 501 1198 interpretationibus
510 1159 590 1190 illud
601 1171 702 1191 unum

133 1204 205 1234 erui
217 1210 340 1244 potest,
362 1205 414 1235 vel
437 1212 562 1236 textum
578 1207 701 1238 adulte-

134 1257 238 1280 ratum
253 1251 349 1281 fuisse
360 1274 368 1288 ,
384 1251 435 1281 vel
448 1252 555 1282 looum
572 1254 703 1284 citatum

133 1297 218 1327 inter
258 1297 390 1327 mendas
427 1299 702 1330 annumerandum

132 1353 202 1374 ease
227 1344 346 1384 quibus
376 1345 502 1375 satiram
529 1345 613 1376 hanc
640 1356 703 1376 sea-

135 1396 202 1420 tere
217 1389 363 1431 profiteri
386 1401 455 1422 non
473 1391 701 1424 dubitavimus.

184 1447 214 1476 7.
244 1437 323 1466 Τὰιη
342 1437 559 1468 Praenestinus
573 1450 584 1469 :
601 1441 702 1480 Rupi-

133 1483 215 1521 lius,
243 1485 401 1514 Praeneste
422 1491 534 1522 natus,
559 1496 630 1526 quae
656 1493 703 1516 est

135 1529 213 1560 urbs
241 1530 351 1560 Italiae.
373 1547 420 1554 --
440 1531 531 1561 Salso
556 1532 701 1562 multllm-

134 1586 196 1617 que
215 1575 341 1618 fluenti
375 1578 540 1618 Expressa
573 1578 701 1609 arbusto

133 1621 251 1664 regerit
284 1621 431 1655 convicia
461 1634 473 1653 :
502 1624 595 1655 locus
627 1626 700 1656 loeo

133 1668 329 1710 praecedenti
339 1669 434 1711 longe
449 1669 636 1709 obscurior3
649 1682 701 1702 ne-

132 1726 195 1756 que
228 1715 269 1745 de
293 1726 408 1754 seusu,
439 1726 544 1758 neque
564 1717 604 1748 de
632 1717 701 1759 ipsa

133 1762 306 1792 verborum
322 1762 480 1793 structura
503 1764 588 1795 inter
603 1764 700 1794 inter-

133 1815 238 1849 pretes
253 1809 427 1847 convenit,
453 1807 528 1840 eum
549 1811 701 1841 nonnulli

132 1854 190 1885 has
225 1864 338 1893 voces,
379 1856 465 1886 salso
502 1856 700 1898 multamque

120 1900 257 1941 fluenti,
274 1901 315 1931 ad
329 1902 471 1932 Persium
490 1903 646 1941 referant,
664 1903 698 1934 h.

132 1957 160 1978 e.
174 1957 295 1978 amaras
302 1949 513 1979 contumelias
525 1949 611 1991 large
621 1960 695 1990 pro

132 1993 302 2032 fundenti,
325 2001 371 2032 et,
394 2006 453 2036 per
474 1996 618 2026 οοηνιεῐα
644 2007 696 2026 ar-

132 2039 238 2070 busto
269 2051 441 2081 expressa,
498 2043 691 2084 intelligant,

133 2087 276 2117 convicia
302 2097 449 2128 expressa
475 2089 567 2130 quasi
588 2100 605 2119 e
631 2090 695 2119 vite

132 2132 230 2171 viridi
242 2139 274 2163 et
297 2132 426 2172 acerba,
443 2135 588 2175 quamvls
605 2136 640 2165 in
658 2146 695 2165 ea

131 2188 229 2217 voce,
255 2179 402 2217 arbusto,
426 2181 507 2212 nihil
527 2188 582 2212 aut
598 2183 695 2212 vitem

130 2233 185 2256 aut
201 2226 274 2257 vitis
295 2226 486 2259 viriditatem
509 2228 646 2259 naturali
662 2235 695 2259 et

759 560 832 590 vere
851 560 953 591 latino
969 568 1063 589 sensu
1080 556 1259 600 significare
1274 559 1325 589 vi·

758 605 883 637 deatur.
901 605 1010 637 Multo
1024 603 1138 636 melius
1149 627 1158 643 ‚
1178 602 1233 635 sed
1253 615 1323 636 non

757 651 802 682 ita
823 659 862 682 ut
886 651 981 693 plene
1003 651 1172 682 satisfaciat
1202 653 1322 693 Juyeu-

759 698 845 736 cius,
883 699 958 739 qui,
1003 697 1088 727 salso
1125 697 1320 738 multumque

745 743 871 787 fluenti
892 755 966 774 cum
993 743 1120 774 arbusto
1143 744 1268 784 jungit,
1290 750 1322 774 et

756 790 800 820 sic
815 792 1043 831 interpretatur
1065 800 1074 822 ι
1091 790 1218 820 Persius
1234 799 1322 831 rege-

756 837 817 875 rit,
838 837 872 868 h.
897 847 925 868 e.
947 836 1054 867 reddit
1066 836 1199 878 Rupilio
1214 837 1323 866 convi-

757 884 805 914 cia
825 890 857 914 et
869 883 987 925 probra
999 882 1095 924 longe
1110 883 1299 913 amarissima
1311 903 1320 921 ,

757 937 789 960 et
811 929 925 960 hausta
944 930 961 963 e
989 935 1119 971 pectore
1146 929 1320 967 maledico,

756 976 847 1017 quasi
864 975 1070 1018 omphacium
1088 974 1154 1017 (du
1175 974 1287 1015 versus
1295 974 1320 1016 ).

756 1024 952 1063 Eae-pressum
982 1033 1025 1052 ex
1055 1021 1182 1052 arbusto
1211 1021 1318 1058 salso,

755 1069 789 1099 h.
803 1079 830 1100 e.
857 1069 874 1100 ὲ
896 1070 961 1100 vite
981 1067 1113 1107 acerba,
1132 1076 1165 1099 ec
1186 1068 1318 1098 multllm

745 1115 886 1158 fluenti,
909 1122 941 1146 et
958 1115 1080 1156 largum
1095 1115 1254 1156 liquorem
1277 1114 1320 1144 ef-

755 1161 921 1193 fundente.
954 1163 1038 1192 Vitis
1071 1162 1157 1192 enim
1189 1161 1319 1202 proprie

756 1209 890 1238 multam
907 1208 1015 1251 fluere
1037 1207 1168 1245 dicitur,
1192 1218 1234 1237 ex
1256 1205 1319 1247 quai

757 1256 906 1295 copiosus
922 1255 1029 1295 liquor
1049 1255 1130 1291 exit,
1150 1259 1229 1284 teste
1245 1254 1318 1284 Vir—

755 1301 832 1342 gilio
844 1323 853 1338 ,
872 1301 988 1342 Georg.
1005 1302 1053 1338 11,
1075 1309 1154 1331 100:
1170 1300 1237 1330 Αἰιι
1247 1306 1318 1329 tan-

756 1346 955 1391 ticmfluere,
975 1347 1032 1377 αιίι
1049 1346 1180 1377 totidem
1201 1345 1318 1376 durare

750 1394 812 1435 μὲν
838 1405 954 1424 annos.
979 1395 1068 1424 Dura
1089 1392 1175 1423 certe
1197 1399 1230 1423 et
1246 1402 1318 1433 quae

753 1440 904 1472 nonnihil
938 1439 1184 1470 desiderandum
1221 1438 1317 1469 relin-

755 1494 848 1528 quat,
872 1487 976 1517 multo
1002 1486 1109 1516 tamen
1131 1486 1248 1516 rectior
1268 1485 1317 1515 in-

753 1534 950 1575 terpretatio.
980 1550 1027 1557 —
1060 1534 1166 1563 Durus
1195 1531 1316 1561 Vinde—

753 1580 873 1610 miacor
902 1587 932 1609 et
959 1578 1123 1610 invictus.
1119 1578 1315 1619 ·allegoria,

752 1626 995 1667 qualiscumque
1028 1627 1084 1663 sit,
1129 1625 1315 1655 sustinetur.

753 1673 894 1704 Similem
919 1683 951 1703 se
987 1678 1115 1714 praestat
1147 1670 1317 1701 vindemia-

754 1720 818 1750 tori
840 1719 975 1750 molesto
1003 1725 1034 1748 et
1061 1718 1231 1759 pertinaci,
1260 1718 1316 1758 qui

754 1766 889 1796 viatores
916 1765 1070 1795 conviciis
1101 1765 1166 1795 suis
1196 1764 1317 1805 appeti-

753 1818 803 1842 tos
827 1818 858 1842 et
877 1811 935 1842 alia
956 1816 1134 1853 regei-entes
1158 1810 1250 1840 silere
1273 1816 1316 1840 ta-

752 1858 827 1888 men
837 1859 934 1899 cogit,
940 1865 972 1888 et
979 1859 1079 1888 victos
1086 1856 1244 1888 recedere.
1253 1857 1318 1888 No-

753 1911 783 1934 ta
804 1904 844 1935 ad
861 1915 1042 1934 mensuram
1060 1902 1186 1941 versus,
1201 1913 1314 1934 vocem

747 1950 852 1988 hanc,
882 1950 1111 1986 vindemiator,
1146 1950 1236 1988 cujus
1267 1959 1313 1979 se-

749 1997 856 2027 cunda
886 1997 1008 2038 syllaba
1041 1995 1241 2037 producitur,
1268 1995 1313 2026 sie

747 2043 913 2085 legendam
948 2054 1033 2079 esse,
1077 2041 1311 2083 vindemiator,

749 2090 868 2120 mutata
886 2089 1013 2120 vocaliz
1029 2090 1064 2119 in
1083 2095 1311 2119 consonantem

741 2136 770 2178 j.
789 2154 835 2160 —-
857 2138 940 2178 ,Mag
920 2133 985 2166 ‹rnd
1008 2134 1207 2175 compellans
1227 2145 1311 2165 voce

747 2183 932 2214 cucullum.-
950 2183 1018 2213 haec
1041 2182 1108 2212 uvis
1128 2180 1230 2212 fertur
1252 2189 1312 2212 ova

747 2240 802 2260 sua
824 2230 927 2260 alieno
957 2228 1036 2260 nido
1059 2228 1234 2269 imponere.
1258 2229 1316 2259 Ea-
