1422 2528
147 172 210 202 104

524 169 564 209 Q.
587 167 770 200 nonATn
793 168 943 200 FLAcm

248 241 263 258 »
283 224 466 274 Priusque
481 227 617 263 coelum
632 227 728 264 sidet
749 227 907 264 inferius
924 225 1043 274 mari‚‘
1293 268 1298 269 ⁷

353 300 368 316 >³
388 284 538 321 Tellure
556 288 728 334 porrecta}
749 286 876 335 super,
1295 292 1327 316 ³⁰

248 357 263 374 »
283 343 408 388 Quam
423 355 499 380 non
515 356 643 380 amore
659 341 713 381 sic
730 357 813 381 meo
825 343 958 392 flagres
969 370 980 390 ,
997 340 1055 378 uti

354 418 370 435 ι
391 403 564 439 Bitumen
584 404 674 440 atris
688 403 852 453 ignibus.
868 419 884 436 »

247 460 326 499 Sub
343 461 423 498 haec
435 489 445 507 ‚
463 475 558 511 puer
575 462 614 508 ¹3,
630 463 708 512 jam
725 475 822 508 non,
840 469 882 498 ut
901 461 1004 508 ante,
1021 459 1196 499 mollibus

350 521 487 557 Lenire
507 519 634 558 verbis
655 521 808 571 impias;

247 578 322 616 Sed
342 578 479 616 dubius
495 580 595 617 unde
616 589 808 630 rumperet
829 579 1016 617 silentium
1029 606 1039 626 ,
1292 585 1324 610 8⁵

348 638 453 675 Misit
467 638 672 687 Thyesteas
692 651 822 688 preces
840 652 848 674 :
888 663 890 665 v

246 712 261 729 »
281 698 434 733 Venena
446 725 456 743 ‚
475 710 650 746 magnum
667 698 720 735 fas
737 697 916 746 nefasque
927 724 937 742 ,
950 708 1027 733 non
1043 696 1167 734 valent

348 770 363 787 u
383 757 612 792 Convertere
631 756 834 793 humanam
850 755 971 792 vicem
986 754 1029 791 ¹4.

139 909 328 952 dedignaris,
344 927 390 935 ·—-
409 910 559 953 Priicsque
588 913 700 944 coelum

139 956 222 986 sidet
239 955 371 994 inferius
390 958 474 987 mari
496 958 618 988 Tellure
627 970 700 999 por-

137 1000 225 1032 recta‘
247 1002 358 1042 super:
380 1002 531 1044 priusque
554 1005 587 1034 in
607 1006 701 1036 maris

138 1047 269 1089 abyssos
283 1049 398 1078 coelum
417 1049 598 1087 descendet,
619 1051 702 1081 terra

138 1094 232 1124 maris
255 1094 432 1134 superficiei
458 1096 591 1135 insuper
614 1097 702 1126 addi-

137 1138 187 1177 ta,
208 1139 306 1180 qnam
337 1141 398 1170 hoc
423 1141 564 1178 eveniat,
584 1143 703 1173 scilicet

138 1191 175 1215 ut
187 1195 256 1215 non
278 1186 364 1215 tantzi
385 1186 509 1216 flamma
531 1188 565 1216 in
581 1198 630 1217 me
644 1199 701 1218 ex-

96 1258 100 1262 ,
138 1230 424 1271 ardescas,qnanta
448 1243 533 1261 nunc
557 1233 702 1264 incendi-

138 1283 190 1307 tur
206 1276 350 1307 bitumen
364 1277 451 1307 istud
468 1279 501 1307 in
516 1285 602 1307 atros
614 1279 702 1320 ignes

137 1323 214 1352 meis
225 1323 401 1352 immissum
415 1323 570 1354 manibus.
582 1326 628 1356 De
641 1336 700 1356 usu

136 1368 301 1398 bituminis
313 1369 348 1398 in
361 1369 475 1398 ritihus
491 1371 617 1410 magicis
628 1370 700 1401 vide

138 1415 227 1455 Virg.
245 1414 351 1455 Eclog.
370 1416 466 1451 VIII,
483 1415 544 1445 82:
558 1416 701 1458 Fragiles

136 1459 271 1490 incende
291 1460 444 1491 bitumine
462 1461 580 1492 lauros.

188 1507 238 1536 13.
262 1503 326 1536 Sub
350 1505 434 1542 haec,
449 1517 530 1546 puer
545 1517 557 1536 .·
575 1507 698 1538 dixerat

136 1549 284 1589 Canidia}
301 1562 392 1591 puer,
405 1551 486 1582 nihil
497 1552 557 1582 sibi
571 1554 638 1593 spei
650 1564 698 1583 re-

136 1596 248 1626 lictum
274 1597 464 1638 intelligens.
488 1614 535 1621 —-
559 1598 670 1628 Lem're
685 1611 695 1629 .-

135 1642 270 1673 subaud.
295 1644 429 1672 tentavit
439 1665 448 1680 ‚
463 1654 622 1684 aggressus
640 1651 697 1676 est.

135 1705 182 1712 —
195 1687 316 1718 Dubius
331 1688 414 1718 unde
429 1696 586 1728 rumperet
607 1689 699 1719 silen-

134 1733 212 1763 tium
227 1744 239 1763 .·
261 1744 372 1764 omnes
395 1734 480 1764 enim
503 1735 698 1774 imprecandi

134 1779 279 1810 formulae
293 1780 434 1810 certatim
448 1781 547 1809 menti
562 1781 628 1818 ejus
642 1781 698 1811 ob-

134 1825 350 1855 versabantur.
360 1843 407 1849 -—
425 1825 512 1855 Misit
530 1825 699 1866 Thyesteas

130 1879 242 1910 preces
252 1881 264 1900 :
277 1877 315 1900 ut
330 1871 449 1908 Graeci,
467 1868 544 1914 ἀρὰς
555 1893 563 1908 ,
577 1873 622 1901 sic
640 1874 696 1902 La-

135 1916 196 1945 tini
209 1926 337 1955 preces,
354 1923 418 1946 tam
436 1928 495 1957 pro
509 1917 696 1948 obsecratio-

136 1960 233 1991 nibus
245 1960 340 2002 quam
351 1973 409 2002 pro
417 1963 696 2003 imprecationibus

137 2014 300 2046 usurpant.
321 2009 379 2037 Per
405 2007 574 2044 Thyesteas
599 2007 697 2049 igitur

129 2061 260 2092 preces,
277 2053 419 2093 intellige
445 2053 528 2084 diras
551 2064 697 2084 exsecra-

138 2098 239 2128 tiones
252 2098 399 2138 qualibus
415 2099 567 2140 Thyestes
588 2101 622 2130 in
635 2100 695 2129 fra-

137 2149 215 2174 trem
227 2145 361 2174 Atreum
382 2143 473 2184 apud·
485 2153 594 2185 poetas
608 2147 699 2186 tragi-

138 2199 192 2219 cos
204 2189 318 2220 utitur.

189 2240 241 2271 14.
267 2236 399 2266 Venena
410 2258 421 2273 ,
463 2247 615 2278 magnum
640 2236 700 2275 sas

755 911 922 953 nefasque,
933 921 999 941 non
1009 910 1125 942 valent
1137 910 1320 943 Convertere

754 958 928 988 humanam
959 957 1066 987 vicem
1090 969 1100 987 .·
1126 963 1174 987 tot
1197 964 1229 988 et
1256 957 1320 988 tam

755 1004 888 1034 diversae
897 1004 1015 1033 suntin
1027 1003 1115 1033 hune
1127 1002 1235 1033 locum
1243 1003 1317 1034 sub·

755 1050 927 1080 obscurum
962 1049 1254 1088 interpretationes,
1281 1055 1318 1079 ut

753 1095 823 1124 illas
837 1095 954 1124 referre
968 1094 1091 1123 facilius
1103 1094 1143 1124 sit
1154 1093 1251 1135 quam
1265 1104 1319 1124 ex—

754 1141 869 1181 plicare
907 1147 960 1169 aut
993 1139 1172 1177 confutare,
1205 1139 1316 1170 relicto

755 1187 929 1226 unicuique
945 1182 1053 1214 sensus
1064 1194 1159 1224 quam
1171 1185 1319 1215 maluerit

755 1231 890 1272 eligendi
907 1230 1048 1260 arbitrio.
1072 1231 1237 1261 Venenum
1258 1232 1315 1261 La-

755 1278 848 1314 tinis,
867 1283 902 1306 ut
926 1274 1089 1318 φάρμακον
1114 1275 1252 1314 Graecis,
1267 1277 1316 1306 in-

754 1329 804 1352 ter
822 1333 858 1352 ea
876 1322 1031 1351 vocabula
1054 1326 1102 1350 est
1126 1331 1198 1362 quse
1214 1332 1317 1363 gram-

752 1369 859 1397 matici
879 1366 960 1409 μέσσ.
973 1368 1039 1397 sive
1054 1366 1158 1396 media
1182 1374 1314 1406 vocant,

753 1420 784 1443 et
800 1413 864 1443 tiim
879 1413 999 1443 bonum
1014 1411 1110 1453 quam
1123 1411 1240 1443 malum
1254 1413 1316 1455 sig-

753 1457 899 1496 nificant,
911 1461 959 1489 uti
979 1465 1011 1488 et
1024 1458 1114 1488 vines
1130 1457 1143 1500 (
1155 1464 1232 1488 teste
1246 1460 1316 1490 Ser-

754 1506 805 1534 vio
819 1506 854 1534 in
868 1504 950 1534 illud
966 1504 1057 1545 Virg.
1075 1506 1091 1534 I
1112 1504 1227 1545 Georg.
1253 1505 1315 1535 Ille

752 1551 872 1580 malum
885 1550 994 1585 virus,
1011 1556 1071 1580 etc.
1083 1549 1106 1589 ).
1126 1551 1240 1591 Itaque
1251 1560 1311 1581 've-

751 1596 830 1626 neni
854 1596 983 1626 nomine
1002 1594 1182 1626 concinetur
1199 1605 1310 1632 omne,

750 1641 837 1682 quod
856 1641 1049 1676 adhibitum,
1079 1641 1146 1681 ejus
1170 1639 1234 1677 rei,
1261 1641 1315 1671 cui

751 1686 926 1717 adhibitum
939 1694 999 1722 esc,
1022 1693 1170 1716 naturam
1191 1693 1306 1723 mutae,

748 1732 810 1763 sive
825 1733 872 1762 ad
882 1732 1065 1762 sanandum
1073 1754 1084 1768 ‚
1098 1731 1160 1762 sive
1173 1732 1221 1762 ad
1229 1732 1310 1762 occi-

749 1778 886 1808 dendum
892 1785 1045 1819 paratum
1056 1785 1114 1808 est.
1123 1777 1229 1808 Verba
1237 1783 1313 1808 sunt

751 1825 818 1855 Caii
833 1826 854 1855 J
858 1825 1010 1855 uriscons.
1023 1823 1045 1854 l.
1058 1823 1247 1860 CCXXXV,
1262 1824 1312 1854 De

749 1870 919 1900 verborum
948 1867 1191 1911 signficacione.
1226 1870 1310 1899 Puer

747 1915 857 1956 igitur,
871 1916 927 1957 qui
944 1914 1107 1947 Canidiam
1120 1913 1184 1944 tam
1198 1923 1311 1955 magna

748 1962 954 2002 pollicentem
965 1962 1199 2000 ¹iactantemque
1207 1959 1312 1990 audie-

749 2007 820 2037 bat:
841 2009 900 2044 At,
912 2007 1026 2047 inquit,
1039 2015 1157 2036 venena
1170 2006 1229 2035 ista
1243 2015 1311 2036 νω-

750 2059 818 2090 tra,
847 2059 1138 2093 quantumcumque
1161 2050 1312 2091 ponderis

750 2109 787 2128 ac
813 2099 965 2128 momenti
986 2097 1138 2134 habeant,
1171 2097 1236 2127 sive
1268 2096 1312 2128 fas

751 2145 817 2174 sive
837 2144 923 2174 nefas
950 2149 1071 2173 tentent
1083 2165 1092 2180 ,
1116 2153 1183 2173 non
1208 2142 1314 2173 valent

750 2196 857 2220 tamen
872 2196 1049 2220 convertere
1072 2187 1247 2218 humanam
1259 2186 1314 2218 νὶ-

753 2246 838 2273 cem,
856 2235 918 2266 hoc
933 2241 997 2273 est,
1013 2232 1138 2265 efficere
1154 2239 1317 2276 nequeunt
