1422 2528
196 135 260 167 262

1094 0 1124 12 ,ἣν
1138 0 1141 2 -
1177 0 1382 43 „mu-wa*
1397 0 1406 6 .-

1216 84 1218 87 v
1325 71 1333 82 1

588 141 630 181 Q.
655 139 836 172 nonam
862 141 1013 175 FLAcct

194 194 459 244 Expugnabis3
474 203 511 233 et
527 205 583 234 est
598 198 664 248 qui
680 198 778 235 vinci
800 199 939 249 possit,
960 199 1082 250 eoque
1272 216 1274 221 ’
1297 216 1299 218 ·
1347 211 1380 239 ες

193 253 374 291 Difficiles
389 255 512 293 aditus
534 257 676 306 primos
695 257 823 295 habet.
841 281 894 286 -—-
913 261 1027 298 Haud
1044 260 1138 298 mihi
1157 261 1297 310 deero;

192 314 418 352 Muneribus
435 329 564 354 servos
582 330 842 368 corrumpam3
861 331 937 356 non
954 319 1068 358 hodie
1083 321 1114 358 si

157 409 161 411 ,
193 374 378 411 Exclusus
397 375 524 423 fuero,
540 376 715 414 desistam
726 392 737 426 3
756 386 928 428 tempora
946 393 1114 430 quaeram
1129 392 1177 428 ¹73

194 434 403 471 Occurram
418 434 457 471 in
477 435 616 482 triviis,
633 436 818 474 deducam
836 451 844 473 ε
865 439 916 475 nil
938 440 1018 478 sine
1033 454 1168 494 magno

193 492 281 529 Vita
301 493 431 531 labore
447 494 552 533 dedit
570 496 805 535 mortalibus.
828 500 919 535 Haec
938 498 1029 537 dum
1044 502 1140 552 agit,-
1157 505 1244 542 ecce
1287 529 1289 532 .
1344 512 1376 536 6⁰

192 553 334 589 Fuscus
349 553 511 592 Aristius
528 554 556 578 ²⁸
572 556 756 604 occurrit,
772 557 866 594 mihi
887 571 1016 606 caruS‚
1039 570 1075 599 et
1088 562 1193 601 illum

194 612 269 659 Qui
286 613 445 663 pulchre
466 615 591 653 nosset
612 631 620 653 ε
641 617 893 655 consistimus.
920 620 1031 658 Unde
1045 622 1169 669 venis,
1184 631 1222 660 et

191 671 278 719 Quo
294 673 439 711 tendis?
457 685 564 725 rogat
583 685 619 713 et
635 677 853 727 respondet.
867 679 1018 717 Vellere
1032 683 1149 732 coepi,

189 733 237 768 Et
252 745 430 782 prensare
449 747 562 771 manu
581 735 786 773 lentissima
799 736 954 775 brachia
965 767 976 786 ‚
996 749 1152 789 nutans,

188 791 439 841 Distorquens
458 794 606 842 oculos,
627 804 668 832 ut
684 808 744 833 me
764 796 942 847 eriperet.
961 799 1061 836 Male
1078 801 1195 839 salsus
1341 811 1373 835 6⁵

189 849 331 888 Ridens
347 851 602 899 dissimulat-<33
621 867 745 892 meum
759 855 869 904 jecur
888 870 998 894 urere
1014 857 1114 896 bilis.
1131 882 1183 888 —

190 911 302 948 Certe
323 912 451 949 nescio
470 913 562 962 quid
583 913 730 952 secreto
748 915 843 952 velle
859 915 963 966 loqui
984 926 1019 954 te

188 969 327 1007 aiebas
344 982 491 1009 mecum
507 979 546 1010 ¹9.
560 996 612 1002 —
626 975 785 1012 Memini
801 975 919 1024 bene,
937 977 1002 1014 sed
1024 979 1172 1016 meliori

187 1154 236 1178 eus
255 1148 467 1190 Expugnabis
482 1161 493 1180 .-
508 1156 593 1181 tanta
613 1151 671 1182 tibi
693 1153 756 1182 vir—

187 1199 238 1223 tus
270 1201 332 1232 est,
366 1202 403 1225 ut
432 1197 515 1234 ejus,
544 1198 571 1226 si
596 1208 658 1238 qua
690 1209 756 1228 esse

185 1246 308 1280 posset,
323 1243 564 1284 repugnantiam
579 1243 670 1273 facile
687 1245 756 1274 viu-

185 1295 283 1317 ceres.
298 1304 345 1310 —
356 1288 399 1317 Et
409 1295 457 1318 est
471 1288 530 1329 qui
539 1288 633 1319 vinci
638 1290 749 1330 possit,

185 1331 286 1373 eoque
307 1332 465 1376 Dffciles
502 1334 608 1365 aditus
631 1335 754 1375 primos

184 1375 281 1410 habet
290 1389 301 1409 .·
318 1389 355 1410 eo
368 1380 439 1420 ipso
452 1379 540 1422 quod
550 1391 581 1411 se
595 1391 753 1422 expugna-

183 1423 281 1455 bilem
309 1426 465 1456 Maecenas
487 1427 617 1465 sentiat,
649 1425 666 1456 ὲ
695 1427 752 1457 sua

184 1469 282 1500 nimia
298 1470 449 1502 facilitate
467 1471 615 1503 diffidens
626 1495 634 1510 ,
648 1472 751 1503 homi-

184 1526 240 1547 nes
255 1516 317 1547 sibi
336 1517 460 1548 oblatos
483 1518 596 1559 frigide
613 1517 752 1559 primum

184 1563 304 1604 excipit
314 1585 322 1600 ,
340 1570 446 1594 certus
460 1574 515 1594 eos
530 1563 642 1594 melius
658 1571 751 1595 notos

184 1608 224 1640 ad
248 1619 281 1639 se
302 1619 467 1646 revocare,
497 1617 528 1640 et
557 1610 618 1640 sibi
641 1610 750 1651 postea

183 1655 222 1686 εὸ
241 1652 378 1685 firmiori
405 1656 535 1686 vinculo
559 1658 746 1698 astringere,

183 1701 271 1742 quod
286 1711 435 1742 magnum
446 1703 592 1732 amicitiae
605 1713 671 1733 suae
681 1713 749 1743 pre-

183 1749 262 1778 tium
283 1747 428 1788 longiore
449 1747 538 1778 mora
555 1749 751 1779 couciliavis·

182 1799 240 1823 set.
266 1793 364 1834 Quod
387 1793 516 1835 quidem
541 1795 608 1835 ipse
637 1805 750 1835 exper-

183 1845 234 1869 tus
275 1839 379 1869 suerat
414 1839 580 1878 Horatius,
613 1847 650 1871 ut
684 1841 751 1880 ipse

180 1891 286 1915 narrat
311 1884 425 1926 supra,
454 1887 546 1917 Satir.
570 1888 602 1925 Ι,
635 1887 674 1926 6,
706 1886 749 1916 60

179 1937 211 1961 et
225 1938 370 1972 sequent.

232 1987 284 2016 17·
301 1979 457 2018 Tempora
473 1989 615 2020 quaeram
635 1989 647 2008 .·
666 1981 748 2010 Ten-

180 2029 320 2053 tatarum
340 2023 462 2061 aditus,
486 2032 518 2054 et
535 2035 607 2066 qua·
629 2026 746 2055 mollis-

177 2068 260 2099 sima
281 2068 390 2110 fandi
419 2071 593 2110 Tempora;
630 2072 744 2112 Virgil.

177 2115 248 2146 ΕΠ.
262 2116 320 2154 IV,
333 2117 410 2156 293.
421 2132 467 2139 —-
484 2117 648 2147 Deduc-am
659 2128 670 2146 :
681 2128 746 2148 vox

174 2162 304 2202 propria
321 2162 444 2192 clientis
459 2169 631 2203 patronum
649 2174 744 2193 suum

172 2217 238 2248 prae
253 2207 376 2239 honore
390 2218 448 2251 per
467 2209 531 2239 vias
546 2210 741 2242 comitantis.

809 1169 855 1177 ——-
884 1153 959 1184 Vita
986 1165 997 1185 .·
1027 1155 1164 1192 Natura,
1193 1165 1250 1197 per
1279 1166 1373 1198 quam

808 1200 966 1238 vivimus,
983 1200 1000 1231 a
1013 1200 1074 1242 qua
1094 1201 1132 1231 ad
1146 1202 1288 1233 laborem
1303 1213 1373 1233 nas·

809 1245 910 1276 cendo
923 1246 1062 1277 damnati
1078 1258 1199 1278 sumus.

858 1292 911 1323 18.
935 1294 1051 1324 Fuscus
1072 1293 1209 1324 Aristius
1224 1305 1236 1324 .·
1254 1293 1294 1325 de
1315 1293 1373 1325 illo

805 1338 927 1368 Aristio
948 1339 1021 1368 vide
1044 1339 1178 1379 primam
1203 1346 1311 1371 notam
1337 1341 1371 1370 in

805 1382 890 1413 oden
908 1386 1005 1415 XXII
1023 1384 1099 1415 libri
1113 1386 1219 1426 primi.
1241 1402 1287 1409 -
1298 1386 1371 1416 Res-

800 1429 925 1469 pondet
946 1440 954 1462 ε
977 1430 1055 1460 mihi
1078 1431 1235 1462 similibus
1265 1431 1371 1462 verbis

804 1485 877 1505 eum
893 1475 1052 1507 salutanti.
1067 1493 1113 1500 -—
1125 1478 1248 1508 Vellere
1264 1477 1348 1520 coepi
1358 1489 1371 1508 .-

807 1527 912 1562 togam
927 1521 1092 1559 videlicet,
1111 1522 1146 1552 in
1162 1524 1287 1564 angoris
1308 1524 1370 1554 mei

804 1568 942 1607 signum.
963 1585 1010 1592 —
1030 1569 1077 1598 Et
1093 1579 1249 1608 prensare
1270 1579 1370 1600 manu

804 1612 982 1643 lentissima
1011 1613 1142 1645 brachia
1166 1625 1178 1645 :
1201 1621 1232 1644 et
1252 1614 1370 1646 arctius

804 1660 1012 1700 comprimere
1041 1659 1186 1699 brachia,
1212 1670 1288 1701 quae
1314 1661 1370 1692 ille

803 1705 958 1745 pendere,
984 1706 1072 1747 quasi
1091 1717 1186 1737 sensu
1210 1708 1367 1746 carentia,

803 1757 834 1780 et
851 1751 941 1792 quasi
956 1763 1006 1782 me
1028 1763 1095 1783 non
1111 1753 1305 1794 intelligens,
1326 1754 1367 1783 si-

803 1796 911 1829 nebat.
925 1815 972 1821 -—
989 1800 1118 1829 Nutans
1128 1809 1139 1828 .·
1154 1799 1295 1840 repetitis
1310 1809 1368 1829 nu·

804 1842 890 1872 tibus
904 1844 994 1874 illum
1018 1843 1190 1875 admonens
1209 1850 1246 1875 ut
1260 1855 1310 1876 me
1327 1845 1366 1875 ab

801 1888 863 1918 isto
872 1889 1057 1930 importuno
1070 1890 1366 1921 liberaret.-·-]l1ale‘

801 1935 902 1964 salsus
920 1946 932 1965 .-
951 1935 1089 1967 facetum
1109 1947 1142 1967 se
1163 1943 1195 1967 et
1211 1937 1288 1967 meis
1309 1946 1365 1966 an-

801 1981 912 2021 gustiis
949 1981 1136 2013 illudentem
1171 1982 1364 2024 praepostere

797 2025 962 2058 exhibens„

847 2082 899 2112 19.
921 2070 1010 2103 Certe*
1028 2073 1134 2104 nescio
1149 2072 1229 2115 quid
1244 2075 1362 2105 secreto

794 2118 882 2148 velle
904 2119 994 2160 loqui
1017 2127 1048 2150 te
1068 2119 1188 2150 Aiebas
1206 2130 1327 2152 mecum
1350 2131 1362 2151 .·

795 2169 882 2197 totus
901 2165 960 2195 iste
978 2165 1136 2208 dialogus,
1162 2176 1229 2207 prae
1252 2167 1284 2196 vi
1311 2176 1362 2197 co-

794 2208 893 2249 mic5,
915 2212 1067 2244 Terentio
1083 2218 1115 2243 et
1135 2218 1245 2244 nostro
1263 2211 1360 2245 etiam
