1404 2522
425 54 436 78 l

499 122 580 155 ΗΕΒ.
603 122 652 155 IV
675 122 765 154 ODE
788 122 848 153 1v.
1229 129 1270 150 21

162 183 350 222 Doctrina
371 181 440 221 sed
457 181 537 220 vim
547 189 753 233 promovet
768 179 940 229 insitam,

162 245 351 297 Rectique
369 243 495 282 cultus
509 251 670 294 pectora
680 241 869 281 roborant
877 257 889 290 ;
1240 247 1272 273 ιο

218 309 439 356 Utcumque
453 303 631 342 defecere
645 316 793 351 mores,

270 366 516 406 Dedecorant
533 364 633 403 bene
652 373 742 402 nata
762 364 898 415 culpae.

167 429 272 477 Quid
288 428 448 476 debeas,
462 428 486 466 ὀ
503 429 628 465 Roma
638 455 649 473 ,
663 425 886 465 Neronibus
903 432 918 454 ⁷

166 490 290 529 Testis
307 493 531 528 Metaurum
549 489 706 535 flumen,
725 495 764 526 ct
784 485 1006 526 Hasdrubal

219 551 423 598 Devictus,
442 559 480 590 et
499 550 662 602 pulcher
684 548 823 600 fugatis
1245 555 1278 582 35

272 613 342 655 Ille
358 612 441 651 dies
459 613 573 651 Latio
589 611 779 658 tenebris,

63 790 149 824 trina
176 802 188 822 .·
223 790 383 823 educatio.
402 808 450 815 —
466 789 540 821 Vim
570 800 642 832 pro-

63 846 168 871 movet
189 838 321 870 insitam
334 849 347 870 .·
372 838 462 870 dotes
482 838 500 868 ἒι
525 836 643 868 natura

62 887 175 918 insitas
194 886 345 928 adauget,
360 887 397 917 in
408 886 504 916 altius
514 885 621 916 evehit
632 896 640 924 ;

62 934 251 976 metaphora
280 933 375 964 ducta
398 940 447 964 est
465 932 483 963 a
502 933 621 974 plantis
633 955 642 970 ‚

63 993 156 1023 quae,
172 981 272 1012 modi)
294 981 422 1011 cultura
438 979 540 1018 adsit,
561 981 646 1022 rapi·

63 1027 138 1061 dius
153 1036 303 1060 crescunt
313 1051 321 1067 ‚
339 1035 372 1059 et
393 1029 428 1058 in
451 1039 523 1058 aera
539 1028 645 1058 excel-

63 1074 130 1108 sius
146 1083 387 1117 promoventur.
411 1093 459 1098 —
491 1075 646 1116 Rectique

63 1123 308 1165 culmspeccora
321 1122 479 1154 roborant
490 1133 502 1152 :
514 1129 545 1152 et
559 1122 645 1153 bona

63 1171 191 1202 cultura
206 1171 363 1201 virtutem
384 1171 499 1201 animis
521 1171 646 1212 ingeni·

63 1225 129 1250 tam
145 1216 327 1250 confirmat.
337 1235 385 1243 --
396 1218 574 1259 Utcfmzqne
593 1218 646 1248 de-

55 1263 172 1308 fece‘re
198 1276 304 1295 mores
333 1276 345 1296 .·
373 1266 644 1307 quotiescumque

64 1313 156 1344 abest
168 1313 310 1344 liberalis
319 1313 496 1343 institutio.
516 1313 646 1342 Morum

65 1361 153 1392 enim
169 1360 374 1392 observantia
398 1360 502 1390 multo
517 1359 616 1402 magis
629 1361 646 1390 a

65 1406 238 1450 disciplina
264 1406 362 1449 quam
386 1407 404 1438 ὲ
430 1406 547 1438 natura
568 1418 647 1448 pen-

66 1455 133 1488 det.
158 1457 220 1487 Per
246 1465 351 1485 mores
371 1453 480 1485 autem
504 1453 649 1496 intellige

66 1504 175 1534 omnia
190 1512 264 1544 quae
279 1501 320 1533 ad
332 1501 520 1543 religionem
529 1524 538 1539 ‚
555 1501 594 1531 ad
606 1501 648 1532 le-

67 1561 121 1593 ges
144 1557 176 1581 et
201 1549 456 1580 eonsuetudines
480 1548 647 1590 publicas,

67 1596 110 1628 ad
131 1597 259 1628 familiae
278 1598 351 1637 jura
371 1597 554 1638 pertinent,
574 1607 649 1637 quae

68 1645 177 1676 omnia
212 1644 266 1686 pie
297 1644 462 1682 venerari,
490 1653 559 1674 non
586 1643 650 1674 nisi

67 1702 127 1735 per
147 1698 310 1734 praecepta
331 1697 363 1721 et
380 1691 527 1732 exempla
545 1690 650 1721 homi-

69 1749 126 1770 nes
144 1738 198 1770 vel
219 1738 342 1781 optime
367 1739 435 1769 nati
458 1738 647 1770 edocentur.

70 1804 117 1812 —-
127 1785 215 1817 Bene
228 1794 311 1817 nata
327 1796 339 1816 .·
351 1786 434 1816 refer
448 1785 488 1816 ad
501 1793 648 1827 pectora.

119 1845 152 1873 7.
187 1833 276 1875 Quid
305 1832 439 1870 debeas,
475 1831 496 1863 ὅ
521 1835 625 1864 Roma
636 1858 646 1872 ,

71 1880 253 1913 Neronibus
281 1891 294 1911 .·
323 1891 429 1911 nexus
461 1882 644 1920 sententiae3

68 1939 139 1960 non
154 1928 254 1960 hodie
266 1926 409 1969 primum
422 1930 523 1959 Roma
536 1939 650 1969 exper-

69 1982 102 2006 ta
111 1982 160 2007 est
167 1977 321 2006 virtutem
329 1976 498 2007 Neronum
509 1985 517 2006 :
523 1974 589 2014 jam
597 1975 653 2007 dn-

70 2023 173 2054 centis
182 2022 300 2053 abhinc
307 2023 401 2052 annis
414 2022 550 2052 salutem
560 2033 652 2055 suam

70 2069 118 2101 illi
137 2069 305 2102 debuerat.
332 2069 451 2107 Testis,
471 2077 530 2101 etc.
553 2069 651 2101 Tibe-

70 2117 138 2148 rius
156 2117 313 2148 Claudius
330 2117 434 2154 Nero,
452 2116 585 2147 ultimus
598 2128 652 2148 ex-

71 2164 138 2195 titit
150 2164 167 2194 ὲ
175 2170 316 2206 quatuor
326 2162 402 2194 filiis
414 2164 514 2204 Appii
524 2164 651 2198 Claudii

73 2210 264 2249 Crasssssive
282 2211 383 2248 Caeci,
401 2211 459 2252 qui
478 2212 563 2240 viam
580 2213 649 2253 Ap·

70 2258 156 2301 piam
171 2258 294 2290 stravit.
304 2257 427 2291 Tiberii
441 2258 580 2290 Neronis
592 2269 650 2292 ne-

693 800 754 831 pos
783 786 845 820 fuit
866 787 923 819 ille
950 789 1038 821 Nero
1071 788 1130 830 qui
1161 787 1277 819 consul
1325 799 1329 801 ·

695 846 782 867 anno
803 837 869 874 546
894 835 970 867 cum
990 837 1083 867 Livio
1101 836 1280 868 Salinatore

695 884 931 915 Hasdrubalem
964 883 1099 922 cecidit3
1133 883 1279 925 abnepos

697 933 791 970 verb,
810 931 961 963 Tiberius
979 933 1067 963 Nero
1089 932 1147 972 qui
1170 942 1211 961 ex
1230 932 1281 962 Li-

696 978 749 1009 via
768 980 951 1021 procreavit
966 979 1134 1010 Tiberium
1146 1001 1154 1015 ‚
1171 978 1282 1020 postea

698 1027 946 1068 imperatorem,
975 1033 1007 1057 et
1047 1028 1205 1057 Drusum.
1233 1043 1282 1049 --·

703 1074 804 1105 Testis
817 1076 1004 1104 Metaurum
1007 1074 1140 1117 flumen
1157 1084 1169 1104 .·
1193 1075 1281 1104 Han-

699 1121 801 1160 nibal,
817 1122 875 1163 qui
894 1121 1016 1152 bellum
1026 1121 1204 1152 secundum
1216 1123 1280 1152 Pu-

699 1170 813 1199 nicum
833 1170 947 1211 gessit,
971 1168 1108 1200 devictis
1136 1167 1177 1199 ad
1201 1169 1286 1200 Tici-

699 1227 799 1254 num,
826 1216 996 1254 Trebiam,
1023 1217 1282 1260 Thrasymenum

698 1264 807 1294 lacum
846 1270 879 1294 et
918 1264 1062 1303 Cannas,
1108 1264 1282 1302 Romanis,

700 1310 775 1342 cum
789 1312 852 1353 ipsi
867 1315 980 1343 Romae
1000 1313 1204 1350 immineret,
1221 1310 1283 1342 fra-

702 1366 785 1389 trem
815 1359 1055 1390 Hasdrubalem
1094 1359 1130 1389 in
1159 1358 1284 1390 Italiam

702 1407 870 1443 evocavit3
890 1407 944 1437 ille
960 1406 1027 1446 jam
1039 1407 1075 1437 in
1089 1406 1285 1448 Cisalpinam

704 1453 841 1483 Galliam
867 1461 1076 1495 pervenerat,
1095 1452 1170 1484 cum
1193 1456 1224 1484 ei
1252 1465 1286 1485 se

702 1501 813 1530 Livius
839 1501 997 1532 Salinator
1031 1502 1148 1532 consul
1177 1512 1284 1543 oppo-

702 1548 782 1583 suit,
800 1554 837 1577 ut
860 1550 1031 1579 transitum
1054 1548 1095 1579 ad
1120 1549 1287 1580 Hanniba-

701 1594 766 1625 lem
781 1595 845 1636 ipsi
857 1596 1099 1628 intercluderet.
1107 1598 1184 1627 Erat
1197 1597 1286 1628 Han-

702 1641 793 1672 nibal
808 1643 844 1672 in
854 1642 992 1685 Apulia,
1006 1651 1038 1675 et
1058 1643 1173 1675 contra
1192 1643 1286 1674 illum

704 1696 805 1720 castra
825 1690 980 1722 Claudius
1002 1693 1091 1724 Nero
1111 1691 1191 1722 alter
1211 1701 1287 1722 con-

702 1737 753 1767 sul
769 1736 926 1776 babebat,
939 1739 996 1780 qui
1007 1739 1195 1780 interceptis
1203 1739 1287 1769 Has·

703 1783 849 1814 drubalis
889 1786 1024 1824 litteris,
1058 1785 1141 1817 clam
1181 1786 1286 1817 inscio

703 1832 903 1872 Hannibale,
934 1833 1059 1864 summa
1104 1833 1285 1872 celeritate,

703 1878 744 1909 ad
761 1880 893 1922 collegae
909 1887 1009 1911 castra
1025 1892 1100 1911 cum
1115 1881 1285 1922 copiarum

704 1934 794 1967 parte
819 1929 926 1966 venit,
958 1930 1195 1970 commissoque
1221 1933 1287 1958 sta-

707 1974 766 2004 tim
780 1975 892 2016 praelio
903 1998 912 2013 ,
930 1982 962 2006 et
980 1977 1068 2006 caesis
1081 1987 1139 2007 sex
1149 1982 1180 2006 et
1194 1976 1287 2017 quin-

706 2023 860 2063 quaginta
881 2022 1026 2053 hostinm
1046 2023 1193 2054 millibus
1213 2032 1286 2064 pro-

704 2068 746 2110 pe
761 2070 946 2101 Metaurum
966 2071 1112 2102 Umbriae
1127 2070 1265 2100 fluvium
1277 2092 1286 2107 ,

704 2116 778 2146 ante
794 2117 834 2147 ad
847 2128 906 2149 sua
924 2125 1025 2149 castra
1040 2118 1137 2149 rediit
1149 2118 1185 2148 in
1198 2118 1290 2158 Apu-

703 2163 777 2193 liam
788 2188 798 2201 ,
809 2165 906 2206 quam
917 2177 991 2196 eum
1006 2166 1187 2196 discessisse
1199 2166 1288 2195 Han-

704 2210 792 2242 nibal
812 2215 955 2244 sentiret.
973 2214 1080 2254 Caput
1097 2211 1284 2244 Hasdruba-

702 2257 742 2290 lis
761 2258 797 2289 in
815 2261 929 2293 stativa
954 2262 1130 2292 Poenorum
1156 2259 1196 2290 ab
1219 2260 1284 2291 Ne-
