<?xml version="1.0" encoding="UTF-8"?>
<!DOCTYPE html PUBLIC "-//W3C//DTD XHTML 1.0 Transitional//EN"
    "http://www.w3.org/TR/xhtml1/DTD/xhtml1-transitional.dtd">
<html xmlns="http://www.w3.org/1999/xhtml" xml:lang="en" lang="en">
 <head>
  <title>
</title>
<meta http-equiv="Content-Type" content="text/html;charset=utf-8" />
  <meta name='ocr-system' content='tesseract 3.04.00' />
  <meta name='ocr-capabilities' content='ocr_page ocr_carea ocr_par ocr_line ocrx_word'/>
</head>
<body>
  <div class='ocr_page' id='page_1' title='image "./quintushoratiusf02horauoft_0242.png"; bbox 0 0 1422 2528; ppageno 0'>
   <div class='ocr_carea' id='block_1_1' title="bbox 145 142 207 174">
    <p class='ocr_par' dir='ltr' id='par_1_1' title="bbox 145 142 207 174">
     <span class='ocr_line' id='line_1_1' title="bbox 145 142 207 174; baseline 0.032 -2"><span class='ocrx_word' id='word_1_1' title='bbox 145 142 207 174; x_wconf 80' lang='lat'><strong>180</strong></span> 
     </span>
    </p>
   </div>
   <div class='ocr_carea' id='block_1_2' title="bbox 527 123 950 180">
    <p class='ocr_par' dir='ltr' id='par_1_2' title="bbox 527 123 950 180">
     <span class='ocr_line' id='line_1_2' title="bbox 527 123 950 180; baseline 0 -10"><span class='ocrx_word' id='word_1_2' title='bbox 527 140 568 180; x_wconf 87' lang='lat' dir='ltr'><strong>Q.</strong></span> <span class='ocrx_word' id='word_1_3' title='bbox 590 123 774 170; x_wconf 72' lang='lat' dir='ltr'><strong>Ho&#39;RATn</strong></span> <span class='ocrx_word' id='word_1_4' title='bbox 799 138 950 170; x_wconf 71' lang='lat' dir='ltr'>FLAGCI</span> 
     </span>
    </p>
   </div>
   <div class='ocr_carea' id='block_1_3' title="bbox 141 195 1182 307">
    <p class='ocr_par' dir='ltr' id='par_1_3' title="bbox 141 195 1182 307">
     <span class='ocr_line' id='line_1_3' title="bbox 141 195 1121 247; baseline -0.002 -10"><span class='ocrx_word' id='word_1_5' title='bbox 141 199 244 247; x_wconf 87' lang='lat' dir='ltr'><strong>Quid</strong></span> <span class='ocrx_word' id='word_1_6' title='bbox 263 198 378 236; x_wconf 83' lang='lat' dir='ltr'><strong>facias</strong></span> <span class='ocrx_word' id='word_1_7' title='bbox 397 196 475 235; x_wconf 77' lang='lat' dir='ltr'><strong>illi?</strong></span> <span class='ocrx_word' id='word_1_8' title='bbox 490 195 627 247; x_wconf 87' lang='lat' dir='ltr'><strong>jubeas</strong></span> <span class='ocrx_word' id='word_1_9' title='bbox 645 196 826 232; x_wconf 85' lang='lat' dir='ltr'><strong>miserum</strong></span> <span class='ocrx_word' id='word_1_10' title='bbox 845 208 938 241; x_wconf 89' lang='lat' dir='ltr'><strong>esse,</strong></span> <span class='ocrx_word' id='word_1_11' title='bbox 955 195 1121 235; x_wconf 75' lang='lat' dir='ltr'><strong>libenter</strong></span> 
     </span>
     <span class='ocr_line' id='line_1_4' title="bbox 141 254 1182 307; baseline 0 -10"><span class='ocrx_word' id='word_1_12' title='bbox 141 254 340 306; x_wconf 75' lang='lat' dir='ltr'><strong>Quatenus</strong></span> <span class='ocrx_word' id='word_1_13' title='bbox 353 258 392 296; x_wconf 93' lang='lat' dir='ltr'><strong>id</strong></span> <span class='ocrx_word' id='word_1_14' title='bbox 410 257 518 305; x_wconf 88' lang='lat' dir='ltr'><strong>facit;</strong></span> <span class='ocrx_word' id='word_1_15' title='bbox 540 266 583 294; x_wconf 90' lang='lat' dir='ltr'><strong>ut</strong></span> <span class='ocrx_word' id='word_1_16' title='bbox 600 255 756 307; x_wconf 80' lang='lat' dir='ltr'><strong>quidam</strong></span> <span class='ocrx_word' id='word_1_17' title='bbox 771 265 1004 294; x_wconf 83' lang='lat' dir='ltr'><strong>memoratur</strong></span> <span class='ocrx_word' id='word_1_18' title='bbox 1022 258 1182 297; x_wconf 85' lang='lat' dir='ltr'>Athenis</span> 
     </span>
    </p>
   </div>
   <div class='ocr_carea' id='block_1_4' title="bbox 141 317 1395 367">
    <p class='ocr_par' dir='ltr' id='par_1_4' title="bbox 141 317 1395 367">
     <span class='ocr_line' id='line_1_5' title="bbox 141 317 1395 367; baseline -0.002 -10"><span class='ocrx_word' id='word_1_19' title='bbox 141 319 327 358; x_wconf 79' lang='lat' dir='ltr'>Sordidus</span> <span class='ocrx_word' id='word_1_20' title='bbox 348 332 391 356; x_wconf 86' lang='lat' dir='ltr'><strong>ac</strong></span> <span class='ocrx_word' id='word_1_21' title='bbox 410 318 536 364; x_wconf 82' lang='lat' dir='ltr'><strong>dives,</strong></span> <span class='ocrx_word' id='word_1_22' title='bbox 556 317 690 367; x_wconf 83' lang='lat' dir='ltr'><strong>populi</strong></span> <span class='ocrx_word' id='word_1_23' title='bbox 710 325 954 354; x_wconf 85' lang='lat' dir='ltr'>contemnere</span> <span class='ocrx_word' id='word_1_24' title='bbox 970 330 1083 356; x_wconf 88' lang='lat' dir='ltr'><strong>voces</strong></span> <span class='ocrx_word' id='word_1_25' title='bbox 1303 331 1335 356; x_wconf 79' lang='lat' dir='ltr'><strong>os</strong></span> <span class='ocrx_word' id='word_1_26' title='bbox 1390 352 1395 354; x_wconf 88' lang='lat'>.</span> 
     </span>
    </p>
   </div>
   <div class='ocr_carea' id='block_1_5' title="bbox 84 377 1334 852">
    <p class='ocr_par' dir='ltr' id='par_1_5' title="bbox 140 377 1158 428">
     <span class='ocr_line' id='line_1_6' title="bbox 140 377 1158 428; baseline -0.002 -9"><span class='ocrx_word' id='word_1_27' title='bbox 140 378 202 419; x_wconf 77' lang='lat' dir='ltr'><strong>Sic</strong></span> <span class='ocrx_word' id='word_1_28' title='bbox 218 380 350 418; x_wconf 87' lang='lat' dir='ltr'><strong>solitus</strong></span> <span class='ocrx_word' id='word_1_29' title='bbox 372 394 381 416; x_wconf 88' lang='lat'>:</span> <span class='ocrx_word' id='word_1_30' title='bbox 402 378 596 428; x_wconf 86' lang='lat' dir='ltr'><strong>«Populus</strong></span> <span class='ocrx_word' id='word_1_31' title='bbox 616 389 676 414; x_wconf 90' lang='lat' dir='ltr'><strong>me</strong></span> <span class='ocrx_word' id='word_1_32' title='bbox 693 377 838 423; x_wconf 77' lang='lat' dir='ltr'><strong>sibilat3</strong></span> <span class='ocrx_word' id='word_1_33' title='bbox 856 385 893 414; x_wconf 88' lang='lat' dir='ltr'><strong>at</strong></span> <span class='ocrx_word' id='word_1_34' title='bbox 907 378 1001 414; x_wconf 89' lang='lat' dir='ltr'><strong>mihi</strong></span> <span class='ocrx_word' id='word_1_35' title='bbox 1017 379 1158 428; x_wconf 87' lang='lat' dir='ltr'><strong>plaudo</strong></span> 
     </span>
    </p>

    <p class='ocr_par' dir='ltr' id='par_1_6' title="bbox 142 438 1230 548">
     <span class='ocr_line' id='line_1_7' title="bbox 143 438 1230 490; baseline 0.003 -17"><span class='ocrx_word' id='word_1_36' title='bbox 143 457 157 473; x_wconf 72' lang='grc' dir='ltr'><strong>ι)</strong></span> <span class='ocrx_word' id='word_1_37' title='bbox 177 440 263 490; x_wconf 83' lang='lat' dir='ltr'><strong>lpse</strong></span> <span class='ocrx_word' id='word_1_38' title='bbox 277 439 397 485; x_wconf 87' lang='lat' dir='ltr'><strong>domi,</strong></span> <span class='ocrx_word' id='word_1_39' title='bbox 417 439 528 476; x_wconf 77' lang='lat' dir='ltr'><strong>simul</strong></span> <span class='ocrx_word' id='word_1_40' title='bbox 547 451 591 474; x_wconf 86' lang='lat' dir='ltr'><strong>ac</strong></span> <span class='ocrx_word' id='word_1_41' title='bbox 605 450 781 474; x_wconf 90' lang='lat' dir='ltr'>nummos</span> <span class='ocrx_word' id='word_1_42' title='bbox 800 438 1036 488; x_wconf 88' lang='lat' dir='ltr'><strong>contemplor</strong></span> <span class='ocrx_word' id='word_1_43' title='bbox 1049 439 1088 476; x_wconf 92' lang='lat' dir='ltr'><strong>in</strong></span> <span class='ocrx_word' id='word_1_44' title='bbox 1104 442 1202 478; x_wconf 70' lang='lat' dir='ltr'><strong>arca.</strong></span> <span class='ocrx_word' id='word_1_45' title='bbox 1216 457 1230 476; x_wconf 79' lang='lat' dir='ltr'><strong>a</strong></span> 
     </span>
     <span class='ocr_line' id='line_1_8' title="bbox 142 498 997 548; baseline -0.001 -12"><span class='ocrx_word' id='word_1_46' title='bbox 142 500 323 536; x_wconf 83' lang='lat' dir='ltr'>Tantalus</span> <span class='ocrx_word' id='word_1_47' title='bbox 339 501 360 536; x_wconf 72' lang='lat' dir='ltr'><strong>a</strong></span> <span class='ocrx_word' id='word_1_48' title='bbox 380 498 496 535; x_wconf 85' lang='lat' dir='ltr'><strong>labris</strong></span> <span class='ocrx_word' id='word_1_49' title='bbox 513 498 643 535; x_wconf 87' lang='lat' dir='ltr'><strong>sitiens</strong></span> <span class='ocrx_word' id='word_1_50' title='bbox 661 498 850 547; x_wconf 84' lang='lat' dir='ltr'><strong>fugientia</strong></span> <span class='ocrx_word' id='word_1_51' title='bbox 870 506 997 548; x_wconf 89' lang='lat' dir='ltr'><strong>captat</strong></span> 
     </span>
    </p>

    <p class='ocr_par' dir='ltr' id='par_1_7' title="bbox 141 557 1114 605">
     <span class='ocr_line' id='line_1_9' title="bbox 141 557 1114 605; baseline 0.001 -10"><span class='ocrx_word' id='word_1_52' title='bbox 141 558 317 596; x_wconf 86' lang='lat' dir='ltr'><strong>Flumina</strong></span> <span class='ocrx_word' id='word_1_53' title='bbox 334 567 374 596; x_wconf 86' lang='lat'><strong>¹².</strong></span> <span class='ocrx_word' id='word_1_54' title='bbox 397 557 501 605; x_wconf 84' lang='lat' dir='ltr'><strong>Quid</strong></span> <span class='ocrx_word' id='word_1_55' title='bbox 511 557 641 594; x_wconf 77' lang='lat' dir='ltr'><strong>rides?</strong></span> <span class='ocrx_word' id='word_1_56' title='bbox 658 565 803 594; x_wconf 86' lang='lat' dir='ltr'><strong>mutato</strong></span> <span class='ocrx_word' id='word_1_57' title='bbox 819 557 991 604; x_wconf 89' lang='lat' dir='ltr'><strong>nomine,</strong></span> <span class='ocrx_word' id='word_1_58' title='bbox 1011 557 1058 595; x_wconf 90' lang='lat' dir='ltr'><strong>de</strong></span> <span class='ocrx_word' id='word_1_59' title='bbox 1078 567 1114 596; x_wconf 90' lang='lat' dir='ltr'><strong>te</strong></span> 
     </span>
    </p>

    <p class='ocr_par' dir='ltr' id='par_1_8' title="bbox 141 610 1334 726">
     <span class='ocr_line' id='line_1_10' title="bbox 142 610 1334 667; baseline -0.003 -12"><span class='ocrx_word' id='word_1_60' title='bbox 142 617 287 655; x_wconf 85' lang='lat' dir='ltr'><strong>Fabula</strong></span> <span class='ocrx_word' id='word_1_61' title='bbox 299 627 490 656; x_wconf 82' lang='lat' dir='ltr'><strong>narratur.</strong></span> <span class='ocrx_word' id='word_1_62' title='bbox 511 610 707 666; x_wconf 73' lang='lat' dir='ltr'><strong>Congestis</strong></span> <span class='ocrx_word' id='word_1_63' title='bbox 726 617 894 667; x_wconf 88' lang='lat' dir='ltr'><strong>undique</strong></span> <span class='ocrx_word' id='word_1_64' title='bbox 910 617 1027 654; x_wconf 82' lang='lat' dir='ltr'><strong>sac-cis</strong></span> <span class='ocrx_word' id='word_1_65' title='bbox 1304 637 1334 661; x_wconf 80' lang='lat'><strong>70</strong></span> 
     </span>
     <span class='ocr_line' id='line_1_11' title="bbox 141 677 1085 726; baseline 0 -12"><span class='ocrx_word' id='word_1_66' title='bbox 141 677 330 715; x_wconf 90' lang='lat' dir='ltr'><strong>Indormis</strong></span> <span class='ocrx_word' id='word_1_67' title='bbox 348 677 517 724; x_wconf 87' lang='lat' dir='ltr'>inhians,</span> <span class='ocrx_word' id='word_1_68' title='bbox 531 685 568 714; x_wconf 92' lang='lat' dir='ltr'><strong>et</strong></span> <span class='ocrx_word' id='word_1_69' title='bbox 585 679 779 726; x_wconf 78' lang='lat' dir='ltr'><strong>tamquam</strong></span> <span class='ocrx_word' id='word_1_70' title='bbox 797 689 954 726; x_wconf 84' lang='lat' dir='ltr'><strong>parcere</strong></span> <span class='ocrx_word' id='word_1_71' title='bbox 967 677 1085 714; x_wconf 84' lang='lat' dir='ltr'><strong>sacris</strong></span> 
     </span>
    </p>

    <p class='ocr_par' dir='ltr' id='par_1_9' title="bbox 142 737 1102 788">
     <span class='ocr_line' id='line_1_12' title="bbox 142 737 1102 788; baseline -0.001 -13"><span class='ocrx_word' id='word_1_72' title='bbox 142 739 318 788; x_wconf 84' lang='lat' dir='ltr'><strong>Cogeris,</strong></span> <span class='ocrx_word' id='word_1_73' title='bbox 339 746 403 775; x_wconf 89' lang='lat' dir='ltr'><strong>aut</strong></span> <span class='ocrx_word' id='word_1_74' title='bbox 419 738 529 788; x_wconf 90' lang='lat' dir='ltr'><strong>pictis</strong></span> <span class='ocrx_word' id='word_1_75' title='bbox 546 740 739 786; x_wconf 73' lang='lat' dir='ltr'><strong>tamquam</strong></span> <span class='ocrx_word' id='word_1_76' title='bbox 759 737 925 787; x_wconf 80' lang='lat' dir='ltr'><strong>gaudere</strong></span> <span class='ocrx_word' id='word_1_77' title='bbox 942 737 1102 774; x_wconf 85' lang='lat' dir='ltr'><strong>tabellis.</strong></span> 
     </span>
    </p>

    <p class='ocr_par' dir='ltr' id='par_1_10' title="bbox 84 795 1204 852">
     <span class='ocr_line' id='line_1_13' title="bbox 84 795 1204 852; baseline -0.002 -16"><span class='ocrx_word' id='word_1_78' title='bbox 84 850 88 852; x_wconf 65' lang='lat'>‚</span> <span class='ocrx_word' id='word_1_79' title='bbox 143 798 296 845; x_wconf 83' lang='lat' dir='ltr'><strong>Nescis,</strong></span> <span class='ocrx_word' id='word_1_80' title='bbox 316 797 393 849; x_wconf 78' lang='lat' dir='ltr'><strong>quo</strong></span> <span class='ocrx_word' id='word_1_81' title='bbox 413 799 536 836; x_wconf 86' lang='lat' dir='ltr'><strong>valeat</strong></span> <span class='ocrx_word' id='word_1_82' title='bbox 552 810 746 844; x_wconf 89' lang='lat' dir='ltr'><strong>nummus,</strong></span> <span class='ocrx_word' id='word_1_83' title='bbox 766 810 879 847; x_wconf 85' lang='lat' dir='ltr'><strong>quem</strong></span> <span class='ocrx_word' id='word_1_84' title='bbox 894 795 1064 848; x_wconf 81' lang='lat' dir='ltr'><strong>praebeat</strong></span> <span class='ocrx_word' id='word_1_85' title='bbox 1082 809 1204 834; x_wconf 89' lang='lat' dir='ltr'><strong>usum.</strong></span> 
     </span>
    </p>
   </div>
   <div class='ocr_carea' id='block_1_6' title="bbox 133 967 718 1473">
    <p class='ocr_par' dir='ltr' id='par_1_11' title="bbox 133 967 718 1473">
     <span class='ocr_line' id='line_1_14' title="bbox 144 967 712 1009; baseline 0.005 -11"><span class='ocrx_word' id='word_1_86' title='bbox 144 967 238 1005; x_wconf 80' lang='lat' dir='ltr'><strong>tanei,</strong></span> <span class='ocrx_word' id='word_1_87' title='bbox 254 969 411 1009; x_wconf 65' lang='lat' dir='ltr'><strong>quantiam</strong></span> <span class='ocrx_word' id='word_1_88' title='bbox 424 967 559 1007; x_wconf 79' lang='lat' dir='ltr'><strong>habeas,</strong></span> <span class='ocrx_word' id='word_1_89' title='bbox 574 969 627 1007; x_wconf 61' lang='grc' dir='ltr'><strong>εἰς,</strong></span> <span class='ocrx_word' id='word_1_90' title='bbox 639 970 672 1001; x_wconf 89' lang='lat' dir='ltr'><strong>h.</strong></span> <span class='ocrx_word' id='word_1_91' title='bbox 683 981 712 1002; x_wconf 89' lang='lat' dir='ltr'><strong>e.</strong></span> 
     </span>
     <span class='ocr_line' id='line_1_15' title="bbox 142 1014 712 1057; baseline 0.004 -13"><span class='ocrx_word' id='word_1_92' title='bbox 142 1014 218 1056; x_wconf 68' lang='lat' dir='ltr'><strong>quia</strong></span> <span class='ocrx_word' id='word_1_93' title='bbox 234 1016 336 1045; x_wconf 85' lang='lat' dir='ltr'><strong>virtus</strong></span> <span class='ocrx_word' id='word_1_94' title='bbox 357 1026 418 1057; x_wconf 85' lang='lat' dir='ltr'><strong>pro</strong></span> <span class='ocrx_word' id='word_1_95' title='bbox 443 1015 627 1046; x_wconf 83' lang='lat' dir='ltr'><strong>divitiarum</strong></span> <span class='ocrx_word' id='word_1_96' title='bbox 648 1027 712 1046; x_wconf 90' lang='lat' dir='ltr'><strong>ma-</strong></span> 
     </span>
     <span class='ocr_line' id='line_1_16' title="bbox 141 1060 718 1104; baseline 0.003 -14"><span class='ocrx_word' id='word_1_97' title='bbox 141 1060 309 1103; x_wconf 85' lang='lat' dir='ltr'><strong>gnitudine</strong></span> <span class='ocrx_word' id='word_1_98' title='bbox 337 1063 520 1092; x_wconf 79' lang='lat' dir='ltr'><strong>aestimatur.</strong></span> <span class='ocrx_word' id='word_1_99' title='bbox 551 1080 598 1085; x_wconf 81' lang='lat'><strong>—-</strong></span> <span class='ocrx_word' id='word_1_100' title='bbox 630 1062 718 1104; x_wconf 82' lang='lat' dir='ltr'><strong>Quid</strong></span> 
     </span>
     <span class='ocr_line' id='line_1_17' title="bbox 133 1107 715 1149; baseline 0.005 -13"><span class='ocrx_word' id='word_1_101' title='bbox 133 1107 246 1149; x_wconf 86' lang='lat' dir='ltr'><strong>facias</strong></span> <span class='ocrx_word' id='word_1_102' title='bbox 265 1107 316 1137; x_wconf 84' lang='lat' dir='ltr'><strong>illi</strong></span> <span class='ocrx_word' id='word_1_103' title='bbox 337 1119 348 1138; x_wconf 90' lang='grc'><strong>.·</strong></span> <span class='ocrx_word' id='word_1_104' title='bbox 364 1107 427 1149; x_wconf 66' lang='lat' dir='ltr'><strong>qna</strong></span> <span class='ocrx_word' id='word_1_105' title='bbox 447 1108 603 1139; x_wconf 67' lang='lat' dir='ltr'><strong>medicina</strong></span> <span class='ocrx_word' id='word_1_106' title='bbox 629 1119 715 1139; x_wconf 89' lang='lat' dir='ltr'><strong>mor-</strong></span> 
     </span>
     <span class='ocr_line' id='line_1_18' title="bbox 143 1153 715 1185; baseline 0 -1"><span class='ocrx_word' id='word_1_107' title='bbox 143 1153 223 1184; x_wconf 88' lang='lat' dir='ltr'><strong>bum</strong></span> <span class='ocrx_word' id='word_1_108' title='bbox 240 1154 328 1184; x_wconf 80' lang='lat' dir='ltr'><strong>illius</strong></span> <span class='ocrx_word' id='word_1_109' title='bbox 347 1154 488 1185; x_wconf 89' lang='lat' dir='ltr'><strong>hominis</strong></span> <span class='ocrx_word' id='word_1_110' title='bbox 509 1155 655 1185; x_wconf 78' lang='lat' dir='ltr'><strong>curabis?</strong></span> <span class='ocrx_word' id='word_1_111' title='bbox 669 1173 715 1178; x_wconf 90' lang='lat'>—</span> 
     </span>
     <span class='ocr_line' id='line_1_19' title="bbox 143 1200 718 1238; baseline 0 -8"><span class='ocrx_word' id='word_1_112' title='bbox 143 1200 263 1230; x_wconf 76' lang='lat' dir='ltr'><strong>Jubeas</strong></span> <span class='ocrx_word' id='word_1_113' title='bbox 287 1200 434 1231; x_wconf 81' lang='lat' dir='ltr'><strong>miserum</strong></span> <span class='ocrx_word' id='word_1_114' title='bbox 468 1211 549 1238; x_wconf 82' lang='lat' dir='ltr'><strong>esse,</strong></span> <span class='ocrx_word' id='word_1_115' title='bbox 582 1201 718 1230; x_wconf 64' lang='lat' dir='ltr'><strong>libenter</strong></span> 
     </span>
     <span class='ocr_line' id='line_1_20' title="bbox 146 1246 715 1288; baseline 0.002 -13"><span class='ocrx_word' id='word_1_116' title='bbox 146 1247 312 1288; x_wconf 68' lang='lat' dir='ltr'><strong>Quatenus</strong></span> <span class='ocrx_word' id='word_1_117' title='bbox 328 1247 364 1277; x_wconf 89' lang='lat' dir='ltr'><strong>id</strong></span> <span class='ocrx_word' id='word_1_118' title='bbox 371 1246 462 1288; x_wconf 82' lang='lat' dir='ltr'><strong>facit</strong></span> <span class='ocrx_word' id='word_1_119' title='bbox 481 1258 492 1276; x_wconf 90' lang='lat'><em>:</em></span> <span class='ocrx_word' id='word_1_120' title='bbox 512 1247 603 1277; x_wconf 89' lang='lat' dir='ltr'><strong>illum</strong></span> <span class='ocrx_word' id='word_1_121' title='bbox 626 1249 715 1288; x_wconf 87' lang='lat' dir='ltr'><strong>cupi-</strong></span> 
     </span>
     <span class='ocr_line' id='line_1_21' title="bbox 144 1292 715 1335; baseline -0.002 -12"><span class='ocrx_word' id='word_1_122' title='bbox 144 1293 237 1323; x_wconf 83' lang='lat' dir='ltr'>ditati</span> <span class='ocrx_word' id='word_1_123' title='bbox 261 1303 327 1322; x_wconf 86' lang='lat' dir='ltr'><strong>suae</strong></span> <span class='ocrx_word' id='word_1_124' title='bbox 349 1293 514 1335; x_wconf 87' lang='lat' dir='ltr'><strong>relinque,</strong></span> <span class='ocrx_word' id='word_1_125' title='bbox 537 1292 611 1323; x_wconf 76' lang='lat' dir='ltr'><strong>cnm</strong></span> <span class='ocrx_word' id='word_1_126' title='bbox 628 1293 715 1323; x_wconf 79' lang='lat' dir='ltr'><strong>illam</strong></span> 
     </span>
     <span class='ocr_line' id='line_1_22' title="bbox 145 1337 717 1380; baseline 0 -10"><span class='ocrx_word' id='word_1_127' title='bbox 145 1345 229 1370; x_wconf 84' lang='lat' dir='ltr'><strong>amet</strong></span> <span class='ocrx_word' id='word_1_128' title='bbox 239 1361 248 1376; x_wconf 94' lang='lat'>,</span> <span class='ocrx_word' id='word_1_129' title='bbox 266 1337 340 1368; x_wconf 77' lang='lat' dir='ltr'><strong>cum</strong></span> <span class='ocrx_word' id='word_1_130' title='bbox 355 1340 390 1369; x_wconf 89' lang='lat' dir='ltr'><strong>in</strong></span> <span class='ocrx_word' id='word_1_131' title='bbox 407 1339 442 1369; x_wconf 72' lang='lat' dir='ltr'><strong>ea</strong></span> <span class='ocrx_word' id='word_1_132' title='bbox 455 1339 659 1380; x_wconf 80' lang='lat' dir='ltr'>complaceat.</span> <span class='ocrx_word' id='word_1_133' title='bbox 669 1357 717 1363; x_wconf 89' lang='lat'><strong>-—</strong></span> 
     </span>
     <span class='ocr_line' id='line_1_23' title="bbox 149 1385 715 1426; baseline 0 -10"><span class='ocrx_word' id='word_1_134' title='bbox 149 1388 191 1416; x_wconf 79' lang='lat' dir='ltr'><strong>Ue</strong></span> <span class='ocrx_word' id='word_1_135' title='bbox 203 1385 338 1426; x_wconf 83' lang='lat' dir='ltr'><strong>quidam</strong></span> <span class='ocrx_word' id='word_1_136' title='bbox 354 1393 552 1416; x_wconf 75' lang='lat' dir='ltr'><strong>memoratur</strong></span> <span class='ocrx_word' id='word_1_137' title='bbox 559 1385 695 1416; x_wconf 78' lang='lat' dir='ltr'><strong>Athenis</strong></span> <span class='ocrx_word' id='word_1_138' title='bbox 703 1397 715 1416; x_wconf 94' lang='lat'><strong>.·</strong></span> 
     </span>
     <span class='ocr_line' id='line_1_24' title="bbox 146 1431 716 1473; baseline 0 -11"><span class='ocrx_word' id='word_1_139' title='bbox 146 1432 219 1473; x_wconf 83' lang='lat' dir='ltr'><strong>quis</strong></span> <span class='ocrx_word' id='word_1_140' title='bbox 234 1432 331 1462; x_wconf 82' lang='lat' dir='ltr'><strong>fuerit</strong></span> <span class='ocrx_word' id='word_1_141' title='bbox 346 1432 400 1462; x_wconf 83' lang='lat' dir='ltr'><strong>ille</strong></span> <span class='ocrx_word' id='word_1_142' title='bbox 414 1433 481 1463; x_wconf 70' lang='lat' dir='ltr'><strong>sive</strong></span> <span class='ocrx_word' id='word_1_143' title='bbox 497 1431 607 1462; x_wconf 68' lang='lat' dir='ltr'><strong>revera</strong></span> <span class='ocrx_word' id='word_1_144' title='bbox 617 1433 716 1463; x_wconf 85' lang='lat' dir='ltr'><strong>Athe-</strong></span> 
     </span>
    </p>
   </div>
   <div class='ocr_carea' id='block_1_7' title="bbox 86 1474 717 1516">
    <p class='ocr_par' dir='ltr' id='par_1_12' title="bbox 86 1474 717 1516">
     <span class='ocr_line' id='line_1_25' title="bbox 86 1474 717 1516; baseline 0.002 -8"><span class='ocrx_word' id='word_1_145' title='bbox 86 1495 96 1508; x_wconf 82' lang='lat'><strong>·</strong></span> <span class='ocrx_word' id='word_1_146' title='bbox 146 1474 284 1516; x_wconf 79' lang='lat' dir='ltr'><strong>niensis,</strong></span> <span class='ocrx_word' id='word_1_147' title='bbox 312 1479 379 1509; x_wconf 71' lang='lat' dir='ltr'><strong>sive</strong></span> <span class='ocrx_word' id='word_1_148' title='bbox 411 1481 574 1510; x_wconf 83' lang='lat' dir='ltr'><strong>Romanus</strong></span> <span class='ocrx_word' id='word_1_149' title='bbox 604 1489 717 1509; x_wconf 83' lang='lat' dir='ltr'><strong>avarus</strong></span> 
     </span>
    </p>
   </div>
   <div class='ocr_carea' id='block_1_8' title="bbox 143 1525 720 2261">
    <p class='ocr_par' dir='ltr' id='par_1_13' title="bbox 145 1525 719 1974">
     <span class='ocr_line' id='line_1_26' title="bbox 146 1525 717 1566; baseline 0.002 -12"><span class='ocrx_word' id='word_1_150' title='bbox 146 1525 240 1563; x_wconf 80' lang='lat' dir='ltr'><strong>cujus</strong></span> <span class='ocrx_word' id='word_1_151' title='bbox 273 1534 408 1563; x_wconf 84' lang='lat' dir='ltr'><strong>nomen,</strong></span> <span class='ocrx_word' id='word_1_152' title='bbox 442 1532 564 1555; x_wconf 86' lang='lat' dir='ltr'><strong>mutato</strong></span> <span class='ocrx_word' id='word_1_153' title='bbox 607 1527 717 1566; x_wconf 75' lang='lat' dir='ltr'><strong>patriae</strong></span> 
     </span>
     <span class='ocr_line' id='line_1_27' title="bbox 145 1571 718 1608; baseline 0 -7"><span class='ocrx_word' id='word_1_154' title='bbox 145 1571 295 1608; x_wconf 87' lang='lat' dir='ltr'><strong>nomine,</strong></span> <span class='ocrx_word' id='word_1_155' title='bbox 315 1571 355 1601; x_wconf 78' lang='lat' dir='ltr'><strong>ab</strong></span> <span class='ocrx_word' id='word_1_156' title='bbox 382 1573 515 1602; x_wconf 87' lang='lat' dir='ltr'><strong>Horatio</strong></span> <span class='ocrx_word' id='word_1_157' title='bbox 538 1571 718 1602; x_wconf 82' lang='lat' dir='ltr'><strong>dissimula-</strong></span> 
     </span>
     <span class='ocr_line' id='line_1_28' title="bbox 146 1616 717 1659; baseline 0 -11"><span class='ocrx_word' id='word_1_158' title='bbox 146 1623 216 1648; x_wconf 89' lang='lat' dir='ltr'><strong>tum</strong></span> <span class='ocrx_word' id='word_1_159' title='bbox 235 1616 347 1655; x_wconf 83' lang='lat' dir='ltr'><strong>fuerit,</strong></span> <span class='ocrx_word' id='word_1_160' title='bbox 367 1616 444 1658; x_wconf 85' lang='lat' dir='ltr'><strong>qnid</strong></span> <span class='ocrx_word' id='word_1_161' title='bbox 467 1617 507 1649; x_wconf 89' lang='lat' dir='ltr'><strong>ad</strong></span> <span class='ocrx_word' id='word_1_162' title='bbox 528 1619 717 1659; x_wconf 83' lang='lat' dir='ltr'><strong>interpreta-</strong></span> 
     </span>
     <span class='ocr_line' id='line_1_29' title="bbox 145 1663 718 1706; baseline -0.002 -11"><span class='ocrx_word' id='word_1_163' title='bbox 145 1664 267 1695; x_wconf 82' lang='lat' dir='ltr'>tionem</span> <span class='ocrx_word' id='word_1_164' title='bbox 278 1686 287 1700; x_wconf 93' lang='lat'>,</span> <span class='ocrx_word' id='word_1_165' title='bbox 332 1671 386 1694; x_wconf 88' lang='lat' dir='ltr'><strong>aut</strong></span> <span class='ocrx_word' id='word_1_166' title='bbox 423 1663 462 1693; x_wconf 90' lang='lat' dir='ltr'><strong>ad</strong></span> <span class='ocrx_word' id='word_1_167' title='bbox 503 1664 718 1706; x_wconf 82' lang='lat' dir='ltr'>philosophici</span> 
     </span>
     <span class='ocr_line' id='line_1_30' title="bbox 147 1709 719 1751; baseline 0 -10"><span class='ocrx_word' id='word_1_168' title='bbox 147 1709 290 1751; x_wconf 82' lang='lat' dir='ltr'><strong>exempli</strong></span> <span class='ocrx_word' id='word_1_169' title='bbox 302 1711 471 1741; x_wconf 85' lang='lat' dir='ltr'><strong>utilitatem</strong></span> <span class='ocrx_word' id='word_1_170' title='bbox 487 1712 620 1742; x_wconf 78' lang='lat' dir='ltr'>attinet?</span> <span class='ocrx_word' id='word_1_171' title='bbox 645 1712 719 1741; x_wconf 88' lang='lat' dir='ltr'><strong>Pro-</strong></span> 
     </span>
     <span class='ocr_line' id='line_1_31' title="bbox 145 1756 718 1798; baseline 0.003 -12"><span class='ocrx_word' id='word_1_172' title='bbox 145 1756 202 1787; x_wconf 84' lang='lat' dir='ltr'><strong>bat</strong></span> <span class='ocrx_word' id='word_1_173' title='bbox 214 1763 307 1798; x_wconf 83' lang='lat' dir='ltr'><strong>poeta</strong></span> <span class='ocrx_word' id='word_1_174' title='bbox 318 1757 431 1787; x_wconf 77' lang='lat' dir='ltr'><strong>falsum</strong></span> <span class='ocrx_word' id='word_1_175' title='bbox 445 1767 512 1787; x_wconf 82' lang='lat' dir='ltr'><strong>esse</strong></span> <span class='ocrx_word' id='word_1_176' title='bbox 531 1757 629 1788; x_wconf 77' lang='lat' dir='ltr'><strong>modo</strong></span> <span class='ocrx_word' id='word_1_177' title='bbox 643 1759 718 1788; x_wconf 81' lang='lat' dir='ltr'><strong>cita-</strong></span> 
     </span>
     <span class='ocr_line' id='line_1_32' title="bbox 146 1802 716 1844; baseline 0 -10"><span class='ocrx_word' id='word_1_178' title='bbox 146 1810 218 1834; x_wconf 86' lang='lat' dir='ltr'><strong>tum</strong></span> <span class='ocrx_word' id='word_1_179' title='bbox 227 1802 386 1844; x_wconf 83' lang='lat' dir='ltr'><strong>adagium,</strong></span> <span class='ocrx_word' id='word_1_180' title='bbox 397 1803 544 1834; x_wconf 84' lang='lat' dir='ltr'><strong>homines</strong></span> <span class='ocrx_word' id='word_1_181' title='bbox 558 1804 678 1834; x_wconf 72' lang='lat' dir='ltr'><strong>scilicet</strong></span> <span class='ocrx_word' id='word_1_182' title='bbox 698 1802 716 1833; x_wconf 74' lang='lat' dir='ltr'><strong>a</strong></span> 
     </span>
     <span class='ocr_line' id='line_1_33' title="bbox 146 1849 716 1888; baseline 0.002 -9"><span class='ocrx_word' id='word_1_183' title='bbox 146 1849 223 1880; x_wconf 82' lang='lat' dir='ltr'><strong>solis</strong></span> <span class='ocrx_word' id='word_1_184' title='bbox 247 1849 366 1880; x_wconf 80' lang='lat' dir='ltr'><strong>divitiis</strong></span> <span class='ocrx_word' id='word_1_185' title='bbox 386 1851 551 1888; x_wconf 82' lang='lat' dir='ltr'><strong>aestimari,</strong></span> <span class='ocrx_word' id='word_1_186' title='bbox 574 1849 648 1880; x_wconf 76' lang='lat' dir='ltr'><strong>cnm</strong></span> <span class='ocrx_word' id='word_1_187' title='bbox 667 1850 716 1880; x_wconf 91' lang='lat' dir='ltr'><strong>di-</strong></span> 
     </span>
     <span class='ocr_line' id='line_1_34' title="bbox 149 1896 716 1938; baseline 0 -11"><span class='ocrx_word' id='word_1_188' title='bbox 149 1896 289 1927; x_wconf 79' lang='lat' dir='ltr'><strong>tissimus</strong></span> <span class='ocrx_word' id='word_1_189' title='bbox 301 1896 371 1934; x_wconf 84' lang='lat' dir='ltr'><strong>ille,</strong></span> <span class='ocrx_word' id='word_1_190' title='bbox 383 1897 422 1927; x_wconf 84' lang='lat' dir='ltr'><strong>ab</strong></span> <span class='ocrx_word' id='word_1_191' title='bbox 431 1897 583 1927; x_wconf 79' lang='lat' dir='ltr'><strong>universo</strong></span> <span class='ocrx_word' id='word_1_192' title='bbox 593 1897 716 1938; x_wconf 87' lang='lat' dir='ltr'><strong>populo</strong></span> 
     </span>
     <span class='ocr_line' id='line_1_35' title="bbox 150 1941 416 1974; baseline 0.008 -2"><span class='ocrx_word' id='word_1_193' title='bbox 150 1941 295 1972; x_wconf 79' lang='lat' dir='ltr'><strong>sibilatus</strong></span> <span class='ocrx_word' id='word_1_194' title='bbox 309 1942 416 1974; x_wconf 82' lang='lat' dir='ltr'><strong>fuerit.</strong></span> 
     </span>
    </p>

    <p class='ocr_par' dir='ltr' id='par_1_14' title="bbox 143 1987 720 2261">
     <span class='ocr_line' id='line_1_36' title="bbox 204 1987 719 2020; baseline 0.002 -2"><span class='ocrx_word' id='word_1_195' title='bbox 204 1998 218 2018; x_wconf 82' lang='lat'>1</span> <span class='ocrx_word' id='word_1_196' title='bbox 228 1998 256 2018; x_wconf 83' lang='lat'><strong>1.</strong></span> <span class='ocrx_word' id='word_1_197' title='bbox 279 1989 437 2020; x_wconf 77' lang='lat' dir='ltr'><strong>Tantalus</strong></span> <span class='ocrx_word' id='word_1_198' title='bbox 451 1988 473 2018; x_wconf 83' lang='grc' dir='ltr'><em>ὰ</em></span> <span class='ocrx_word' id='word_1_199' title='bbox 489 1987 587 2020; x_wconf 76' lang='lat' dir='ltr'><strong>labris</strong></span> <span class='ocrx_word' id='word_1_200' title='bbox 606 1988 719 2019; x_wconf 79' lang='lat' dir='ltr'><strong>siciens</strong></span> 
     </span>
     <span class='ocr_line' id='line_1_37' title="bbox 143 2032 720 2077; baseline 0 -13"><span class='ocrx_word' id='word_1_201' title='bbox 143 2032 312 2077; x_wconf 76' lang='lat' dir='ltr'><strong>fugientia</strong></span> <span class='ocrx_word' id='word_1_202' title='bbox 323 2034 593 2076; x_wconf 70' lang='lat' dir='ltr'><strong>capeatFlumina</strong></span> <span class='ocrx_word' id='word_1_203' title='bbox 599 2046 609 2065; x_wconf 81' lang='grc'><strong>.-</strong></span> <span class='ocrx_word' id='word_1_204' title='bbox 616 2045 720 2066; x_wconf 76' lang='lat' dir='ltr'><strong>nexus</strong></span> 
     </span>
     <span class='ocr_line' id='line_1_38' title="bbox 151 2081 720 2120; baseline 0.002 -9"><span class='ocrx_word' id='word_1_205' title='bbox 151 2082 332 2119; x_wconf 81' lang='lat' dir='ltr'><strong>sententiae3</strong></span> <span class='ocrx_word' id='word_1_206' title='bbox 348 2092 463 2112; x_wconf 75' lang='lat' dir='ltr'><strong>avarus</strong></span> <span class='ocrx_word' id='word_1_207' title='bbox 478 2081 533 2112; x_wconf 83' lang='lat' dir='ltr'><strong>ille</strong></span> <span class='ocrx_word' id='word_1_208' title='bbox 548 2082 640 2120; x_wconf 79' lang='lat' dir='ltr'><strong>cujus</strong></span> <span class='ocrx_word' id='word_1_209' title='bbox 654 2092 720 2111; x_wconf 84' lang='lat' dir='ltr'><strong>me-</strong></span> 
     </span>
     <span class='ocr_line' id='line_1_39' title="bbox 150 2127 718 2166; baseline 0 -9"><span class='ocrx_word' id='word_1_210' title='bbox 150 2127 251 2166; x_wconf 85' lang='lat' dir='ltr'><strong>mini,</strong></span> <span class='ocrx_word' id='word_1_211' title='bbox 275 2128 410 2159; x_wconf 80' lang='lat' dir='ltr'>Tantalo</span> <span class='ocrx_word' id='word_1_212' title='bbox 439 2128 620 2158; x_wconf 81' lang='lat' dir='ltr'><strong>simillimus</strong></span> <span class='ocrx_word' id='word_1_213' title='bbox 653 2134 718 2165; x_wconf 77' lang='lat' dir='ltr'><strong>est,</strong></span> 
     </span>
     <span class='ocr_line' id='line_1_40' title="bbox 149 2172 718 2216; baseline 0.002 -12"><span class='ocrx_word' id='word_1_214' title='bbox 149 2173 327 2216; x_wconf 83' lang='lat' dir='ltr'><strong>eodemque</strong></span> <span class='ocrx_word' id='word_1_215' title='bbox 364 2174 523 2216; x_wconf 79' lang='lat' dir='ltr'><strong>supplicio</strong></span> <span class='ocrx_word' id='word_1_216' title='bbox 567 2172 718 2205; x_wconf 81' lang='lat' dir='ltr'><strong>afficitur.</strong></span> 
     </span>
     <span class='ocr_line' id='line_1_41' title="bbox 151 2219 718 2261; baseline -0.002 -10"><span class='ocrx_word' id='word_1_217' title='bbox 151 2219 240 2261; x_wconf 84' lang='lat' dir='ltr'><strong>Quid</strong></span> <span class='ocrx_word' id='word_1_218' title='bbox 274 2220 444 2252; x_wconf 73' lang='lat' dir='ltr'><strong>Tantalus?</strong></span> <span class='ocrx_word' id='word_1_219' title='bbox 472 2238 519 2246; x_wconf 87' lang='lat'><strong>-—</strong></span> <span class='ocrx_word' id='word_1_220' title='bbox 547 2220 718 2259; x_wconf 75' lang='lat' dir='ltr'><strong>Fabulam,</strong></span> 
     </span>
    </p>
   </div>
   <div class='ocr_carea' id='block_1_9' title="bbox 766 969 1340 2251">
    <p class='ocr_par' dir='ltr' id='par_1_15' title="bbox 766 969 1340 2251">
     <span class='ocr_line' id='line_1_42' title="bbox 766 969 1332 1010; baseline 0.002 -11"><span class='ocrx_word' id='word_1_221' title='bbox 766 969 960 1010; x_wconf 85' lang='lat' dir='ltr'><strong>respondere</strong></span> <span class='ocrx_word' id='word_1_222' title='bbox 984 975 1130 1000; x_wconf 85' lang='lat' dir='ltr'><strong>censetur</strong></span> <span class='ocrx_word' id='word_1_223' title='bbox 1163 970 1332 1009; x_wconf 81' lang='lat' dir='ltr'><strong>Horatius,</strong></span> 
     </span>
     <span class='ocr_line' id='line_1_43' title="bbox 767 1016 1334 1057; baseline 0.005 -13"><span class='ocrx_word' id='word_1_224' title='bbox 767 1016 910 1056; x_wconf 82' lang='lat' dir='ltr'><strong>quamvis</strong></span> <span class='ocrx_word' id='word_1_225' title='bbox 957 1016 1170 1053; x_wconf 86' lang='lat' dir='ltr'><strong>notissimam,</strong></span> <span class='ocrx_word' id='word_1_226' title='bbox 1217 1017 1334 1057; x_wconf 83' lang='lat' dir='ltr'><strong>accipe.</strong></span> 
     </span>
     <span class='ocr_line' id='line_1_44' title="bbox 766 1060 1335 1102; baseline 0.002 -11"><span class='ocrx_word' id='word_1_227' title='bbox 766 1060 858 1092; x_wconf 75' lang='lat' dir='ltr'><strong>Tunc</strong></span> <span class='ocrx_word' id='word_1_228' title='bbox 874 1063 1085 1092; x_wconf 72' lang='lat' dir='ltr'><strong>narrationem</strong></span> <span class='ocrx_word' id='word_1_229' title='bbox 1107 1062 1231 1102; x_wconf 81' lang='lat' dir='ltr'><strong>incipit.</strong></span> <span class='ocrx_word' id='word_1_230' title='bbox 1256 1063 1335 1093; x_wconf 86' lang='lat' dir='ltr'><strong>Risu</strong></span> 
     </span>
     <span class='ocr_line' id='line_1_45' title="bbox 767 1108 1335 1149; baseline 0.004 -13"><span class='ocrx_word' id='word_1_231' title='bbox 767 1108 922 1138; x_wconf 85' lang='lat' dir='ltr'><strong>auditoris</strong></span> <span class='ocrx_word' id='word_1_232' title='bbox 941 1108 1002 1137; x_wconf 87' lang='lat' dir='ltr'><strong>sibi</strong></span> <span class='ocrx_word' id='word_1_233' title='bbox 1022 1108 1165 1138; x_wconf 81' lang='lat' dir='ltr'><strong>fabulam</strong></span> <span class='ocrx_word' id='word_1_234' title='bbox 1179 1108 1335 1149; x_wconf 83' lang='lat' dir='ltr'><strong>applicare</strong></span> 
     </span>
     <span class='ocr_line' id='line_1_46' title="bbox 767 1155 1335 1195; baseline 0.002 -12"><span class='ocrx_word' id='word_1_235' title='bbox 767 1155 942 1183; x_wconf 86' lang='lat' dir='ltr'><strong>recusantis</strong></span> <span class='ocrx_word' id='word_1_236' title='bbox 958 1155 1174 1194; x_wconf 83' lang='lat' dir='ltr'><strong>interruptus,</strong></span> <span class='ocrx_word' id='word_1_237' title='bbox 1198 1155 1303 1195; x_wconf 72' lang='lat' dir='ltr'><strong>pergit</strong></span> <span class='ocrx_word' id='word_1_238' title='bbox 1326 1162 1335 1184; x_wconf 73' lang='grc' dir='ltr'><strong><em>ε</em></strong></span> 
     </span>
     <span class='ocr_line' id='line_1_47' title="bbox 770 1199 1333 1240; baseline 0.004 -12"><span class='ocrx_word' id='word_1_239' title='bbox 770 1199 858 1240; x_wconf 82' lang='lat' dir='ltr'><strong>Quid</strong></span> <span class='ocrx_word' id='word_1_240' title='bbox 867 1200 951 1229; x_wconf 78' lang='lat' dir='ltr'><strong>rides</strong></span> <span class='ocrx_word' id='word_1_241' title='bbox 961 1204 978 1229; x_wconf 62' lang='lat'><em>9</em></span> <span class='ocrx_word' id='word_1_242' title='bbox 998 1206 1058 1230; x_wconf 86' lang='lat' dir='ltr'><strong>etc.</strong></span> <span class='ocrx_word' id='word_1_243' title='bbox 1073 1217 1118 1222; x_wconf 91' lang='lat'><strong>-—</strong></span> <span class='ocrx_word' id='word_1_244' title='bbox 1139 1201 1265 1230; x_wconf 76' lang='lat' dir='ltr'><strong>Mutato</strong></span> <span class='ocrx_word' id='word_1_245' title='bbox 1280 1210 1333 1230; x_wconf 83' lang='lat' dir='ltr'><strong>no-</strong></span> 
     </span>
     <span class='ocr_line' id='line_1_48' title="bbox 768 1245 1334 1283; baseline 0 -8"><span class='ocrx_word' id='word_1_246' title='bbox 768 1246 874 1283; x_wconf 82' lang='lat' dir='ltr'><strong>mine,</strong></span> <span class='ocrx_word' id='word_1_247' title='bbox 896 1247 935 1275; x_wconf 82' lang='lat' dir='ltr'><strong>de</strong></span> <span class='ocrx_word' id='word_1_248' title='bbox 957 1253 988 1276; x_wconf 87' lang='lat' dir='ltr'><strong>te</strong></span> <span class='ocrx_word' id='word_1_249' title='bbox 1011 1245 1134 1276; x_wconf 78' lang='lat' dir='ltr'><strong>Fabula</strong></span> <span class='ocrx_word' id='word_1_250' title='bbox 1155 1253 1308 1276; x_wconf 82' lang='lat' dir='ltr'><strong>narratur</strong></span> <span class='ocrx_word' id='word_1_251' title='bbox 1322 1256 1334 1275; x_wconf 88' lang='lat'><em>:</em></span> 
     </span>
     <span class='ocr_line' id='line_1_49' title="bbox 769 1291 1334 1332; baseline 0 -10"><span class='ocrx_word' id='word_1_252' title='bbox 769 1291 843 1322; x_wconf 68' lang='lat' dir='ltr'><strong>nam</strong></span> <span class='ocrx_word' id='word_1_253' title='bbox 867 1299 902 1321; x_wconf 85' lang='lat' dir='ltr'><strong>tu</strong></span> <span class='ocrx_word' id='word_1_254' title='bbox 918 1301 1063 1332; x_wconf 87' lang='lat' dir='ltr'><strong>quoque,</strong></span> <span class='ocrx_word' id='word_1_255' title='bbox 1081 1292 1229 1322; x_wconf 81' lang='lat' dir='ltr'><strong>omnibns</strong></span> <span class='ocrx_word' id='word_1_256' title='bbox 1253 1291 1334 1323; x_wconf 87' lang='lat' dir='ltr'><strong>divi-</strong></span> 
     </span>
     <span class='ocr_line' id='line_1_50' title="bbox 770 1338 1334 1376; baseline 0 -8"><span class='ocrx_word' id='word_1_257' title='bbox 770 1339 821 1368; x_wconf 87' lang='lat' dir='ltr'><strong>tiis</strong></span> <span class='ocrx_word' id='word_1_258' title='bbox 834 1338 955 1375; x_wconf 83' lang='lat' dir='ltr'><strong>affluis,</strong></span> <span class='ocrx_word' id='word_1_259' title='bbox 980 1345 1012 1368; x_wconf 88' lang='lat' dir='ltr'><strong>et</strong></span> <span class='ocrx_word' id='word_1_260' title='bbox 1033 1338 1166 1369; x_wconf 85' lang='lat' dir='ltr'><strong>Tantalo</strong></span> <span class='ocrx_word' id='word_1_261' title='bbox 1179 1339 1334 1376; x_wconf 79' lang='lat' dir='ltr'><strong>insanior,</strong></span> 
     </span>
     <span class='ocr_line' id='line_1_51' title="bbox 769 1385 1335 1426; baseline 0.002 -12"><span class='ocrx_word' id='word_1_262' title='bbox 769 1386 826 1426; x_wconf 91' lang='lat' dir='ltr'><strong>qui</strong></span> <span class='ocrx_word' id='word_1_263' title='bbox 855 1385 1005 1426; x_wconf 84' lang='lat' dir='ltr'><strong>appositis</strong></span> <span class='ocrx_word' id='word_1_264' title='bbox 1045 1385 1174 1415; x_wconf 75' lang='lat' dir='ltr'><strong>nonnisi</strong></span> <span class='ocrx_word' id='word_1_265' title='bbox 1207 1391 1335 1415; x_wconf 77' lang='lat' dir='ltr'><strong>coaetus</strong></span> 
     </span>
     <span class='ocr_line' id='line_1_52' title="bbox 769 1430 1333 1469; baseline 0 -8"><span class='ocrx_word' id='word_1_266' title='bbox 769 1431 923 1469; x_wconf 84' lang='lat' dir='ltr'><strong>abstinet,</strong></span> <span class='ocrx_word' id='word_1_267' title='bbox 951 1439 1005 1468; x_wconf 89' lang='lat' dir='ltr'><strong>tu,</strong></span> <span class='ocrx_word' id='word_1_268' title='bbox 1033 1430 1116 1461; x_wconf 87' lang='lat' dir='ltr'><strong>liber</strong></span> <span class='ocrx_word' id='word_1_269' title='bbox 1147 1438 1178 1461; x_wconf 89' lang='lat' dir='ltr'><strong>et</strong></span> <span class='ocrx_word' id='word_1_270' title='bbox 1202 1431 1333 1468; x_wconf 78' lang='lat' dir='ltr'><strong>volens,</strong></span> 
     </span>
     <span class='ocr_line' id='line_1_53' title="bbox 769 1477 1334 1518; baseline 0 -11"><span class='ocrx_word' id='word_1_271' title='bbox 769 1488 876 1509; x_wconf 83' lang='lat' dir='ltr'><strong>rerum</strong></span> <span class='ocrx_word' id='word_1_272' title='bbox 887 1477 937 1507; x_wconf 75' lang='lat' dir='ltr'><strong>vel</strong></span> <span class='ocrx_word' id='word_1_273' title='bbox 946 1479 1191 1508; x_wconf 76' lang='lat' dir='ltr'><strong>necessariarum</strong></span> <span class='ocrx_word' id='word_1_274' title='bbox 1198 1477 1259 1508; x_wconf 75' lang='lat' dir='ltr'><strong>tibi</strong></span> <span class='ocrx_word' id='word_1_275' title='bbox 1271 1477 1334 1518; x_wconf 76' lang='lat' dir='ltr'><strong>ipsi</strong></span> 
     </span>
     <span class='ocr_line' id='line_1_54' title="bbox 770 1523 1335 1554; baseline -0.002 0"><span class='ocrx_word' id='word_1_276' title='bbox 770 1534 899 1554; x_wconf 84' lang='lat' dir='ltr'><strong>usuram</strong></span> <span class='ocrx_word' id='word_1_277' title='bbox 930 1523 1063 1554; x_wconf 83' lang='lat' dir='ltr'><strong>invides.</strong></span> <span class='ocrx_word' id='word_1_278' title='bbox 1099 1539 1147 1547; x_wconf 89' lang='lat'><strong>--</strong></span> <span class='ocrx_word' id='word_1_279' title='bbox 1175 1523 1335 1554; x_wconf 73' lang='lat' dir='ltr'><strong>Indormis</strong></span> 
     </span>
     <span class='ocr_line' id='line_1_55' title="bbox 770 1569 1336 1611; baseline 0.004 -12"><span class='ocrx_word' id='word_1_280' title='bbox 770 1569 897 1600; x_wconf 74' lang='lat' dir='ltr'><strong>inhians</strong></span> <span class='ocrx_word' id='word_1_281' title='bbox 911 1581 921 1600; x_wconf 91' lang='lat'><strong>.·</strong></span> <span class='ocrx_word' id='word_1_282' title='bbox 944 1569 1127 1600; x_wconf 83' lang='lat' dir='ltr'><strong>admiranda</strong></span> <span class='ocrx_word' id='word_1_283' title='bbox 1150 1569 1336 1611; x_wconf 76' lang='lat' dir='ltr'><strong>hypotypo-</strong></span> 
     </span>
     <span class='ocr_line' id='line_1_56' title="bbox 768 1616 1335 1654; baseline 0 -8"><span class='ocrx_word' id='word_1_284' title='bbox 768 1618 828 1647; x_wconf 77' lang='lat' dir='ltr'><strong>sis!</strong></span> <span class='ocrx_word' id='word_1_285' title='bbox 844 1617 1012 1647; x_wconf 79' lang='lat' dir='ltr'><strong>Thesauris</strong></span> <span class='ocrx_word' id='word_1_286' title='bbox 1026 1618 1089 1647; x_wconf 82' lang='lat' dir='ltr'><strong>tuis</strong></span> <span class='ocrx_word' id='word_1_287' title='bbox 1101 1616 1236 1646; x_wconf 74' lang='lat' dir='ltr'><strong>incubas</strong></span> <span class='ocrx_word' id='word_1_288' title='bbox 1246 1638 1255 1654; x_wconf 87' lang='lat'><strong>,</strong></span> <span class='ocrx_word' id='word_1_289' title='bbox 1270 1626 1335 1646; x_wconf 79' lang='lat' dir='ltr'><strong>me-</strong></span> 
     </span>
     <span class='ocr_line' id='line_1_57' title="bbox 768 1662 1336 1693; baseline 0.002 -1"><span class='ocrx_word' id='word_1_290' title='bbox 768 1669 862 1693; x_wconf 81' lang='lat' dir='ltr'><strong>tuens</strong></span> <span class='ocrx_word' id='word_1_291' title='bbox 893 1673 933 1693; x_wconf 86' lang='lat' dir='ltr'><strong>ne</strong></span> <span class='ocrx_word' id='word_1_292' title='bbox 963 1663 1024 1693; x_wconf 83' lang='lat' dir='ltr'><strong>tibi</strong></span> <span class='ocrx_word' id='word_1_293' title='bbox 1059 1663 1134 1693; x_wconf 77' lang='lat' dir='ltr'><strong>alibi</strong></span> <span class='ocrx_word' id='word_1_294' title='bbox 1165 1662 1336 1693; x_wconf 85' lang='lat' dir='ltr'><strong>dormienti</strong></span> 
     </span>
     <span class='ocr_line' id='line_1_58' title="bbox 769 1708 1335 1750; baseline 0 -11"><span class='ocrx_word' id='word_1_295' title='bbox 769 1715 868 1739; x_wconf 88' lang='lat' dir='ltr'><strong>noctu</strong></span> <span class='ocrx_word' id='word_1_296' title='bbox 879 1711 1104 1750; x_wconf 81' lang='lat' dir='ltr'><strong>surripiantur‚</strong></span> <span class='ocrx_word' id='word_1_297' title='bbox 1119 1715 1151 1740; x_wconf 83' lang='lat' dir='ltr'><strong>et</strong></span> <span class='ocrx_word' id='word_1_298' title='bbox 1162 1708 1268 1740; x_wconf 68' lang='lat' dir='ltr'><strong>tamon</strong></span> <span class='ocrx_word' id='word_1_299' title='bbox 1282 1708 1335 1739; x_wconf 73' lang='lat' dir='ltr'><strong>vel</strong></span> 
     </span>
     <span class='ocr_line' id='line_1_59' title="bbox 768 1755 1335 1797; baseline -0.002 -12"><span class='ocrx_word' id='word_1_300' title='bbox 768 1756 804 1785; x_wconf 93' lang='lat' dir='ltr'><strong>in</strong></span> <span class='ocrx_word' id='word_1_301' title='bbox 811 1757 931 1786; x_wconf 80' lang='lat' dir='ltr'><strong>somnis</strong></span> <span class='ocrx_word' id='word_1_302' title='bbox 939 1757 997 1786; x_wconf 87' lang='lat' dir='ltr'><strong>tibi</strong></span> <span class='ocrx_word' id='word_1_303' title='bbox 1009 1755 1225 1797; x_wconf 80' lang='lat' dir='ltr'><strong>augendarum</strong></span> <span class='ocrx_word' id='word_1_304' title='bbox 1235 1765 1335 1796; x_wconf 82' lang='lat' dir='ltr'><strong>opum</strong></span> 
     </span>
     <span class='ocr_line' id='line_1_60' title="bbox 770 1801 1336 1842; baseline 0 -11"><span class='ocrx_word' id='word_1_305' title='bbox 770 1808 854 1832; x_wconf 86' lang='lat' dir='ltr'><strong>tanta</strong></span> <span class='ocrx_word' id='word_1_306' title='bbox 868 1803 1075 1842; x_wconf 66' lang='lat' dir='ltr'><strong>cura-instat,</strong></span> <span class='ocrx_word' id='word_1_307' title='bbox 1093 1809 1145 1840; x_wconf 89' lang='lat' dir='ltr'><strong>ut,</strong></span> <span class='ocrx_word' id='word_1_308' title='bbox 1157 1812 1214 1833; x_wconf 89' lang='lat' dir='ltr'><strong>ore</strong></span> <span class='ocrx_word' id='word_1_309' title='bbox 1224 1801 1336 1832; x_wconf 80' lang='lat' dir='ltr'><strong>hiante</strong></span> 
     </span>
     <span class='ocr_line' id='line_1_61' title="bbox 770 1848 1335 1888; baseline -0.002 -10"><span class='ocrx_word' id='word_1_310' title='bbox 770 1855 856 1878; x_wconf 82' lang='lat' dir='ltr'><strong>tuam</strong></span> <span class='ocrx_word' id='word_1_311' title='bbox 864 1848 1070 1888; x_wconf 80' lang='lat' dir='ltr'><strong>cupiditatem</strong></span> <span class='ocrx_word' id='word_1_312' title='bbox 1081 1848 1288 1880; x_wconf 68' lang='lat' dir='ltr'><strong>demonstres.</strong></span> <span class='ocrx_word' id='word_1_313' title='bbox 1288 1864 1335 1871; x_wconf 93' lang='lat'><strong>—-</strong></span> 
     </span>
     <span class='ocr_line' id='line_1_62' title="bbox 767 1893 1337 1936; baseline -0.002 -11"><span class='ocrx_word' id='word_1_314' title='bbox 767 1896 812 1925; x_wconf 84' lang='lat' dir='ltr'><strong>Et</strong></span> <span class='ocrx_word' id='word_1_315' title='bbox 824 1895 980 1936; x_wconf 72' lang='lat' dir='ltr'><strong>tanquam</strong></span> <span class='ocrx_word' id='word_1_316' title='bbox 990 1905 1123 1935; x_wconf 81' lang='lat' dir='ltr'><strong>parcere</strong></span> <span class='ocrx_word' id='word_1_317' title='bbox 1130 1893 1231 1925; x_wconf 78' lang='lat' dir='ltr'><strong>sacris</strong></span> <span class='ocrx_word' id='word_1_318' title='bbox 1241 1894 1337 1936; x_wconf 80' lang='lat' dir='ltr'><strong>Coge-</strong></span> 
     </span>
     <span class='ocr_line' id='line_1_63' title="bbox 770 1940 1336 1981; baseline -0.004 -10"><span class='ocrx_word' id='word_1_319' title='bbox 770 1941 834 1971; x_wconf 84' lang='lat' dir='ltr'><strong>ris.</strong></span> <span class='ocrx_word' id='word_1_320' title='bbox 832 1949 887 1971; x_wconf 88' lang='lat' dir='ltr'><strong>·et</strong></span> <span class='ocrx_word' id='word_1_321' title='bbox 908 1940 1037 1972; x_wconf 76' lang='lat' dir='ltr'><strong>avaritia</strong></span> <span class='ocrx_word' id='word_1_322' title='bbox 1059 1940 1114 1972; x_wconf 76' lang='lat' dir='ltr'><strong>tua</strong></span> <span class='ocrx_word' id='word_1_323' title='bbox 1137 1943 1260 1977; x_wconf 81' lang='lat' dir='ltr'><strong>victus,</strong></span> <span class='ocrx_word' id='word_1_324' title='bbox 1279 1950 1336 1981; x_wconf 84' lang='lat' dir='ltr'><strong>pe-</strong></span> 
     </span>
     <span class='ocr_line' id='line_1_64' title="bbox 771 1986 1337 2029; baseline -0.002 -12"><span class='ocrx_word' id='word_1_325' title='bbox 771 1989 875 2018; x_wconf 83' lang='lat' dir='ltr'><strong>cuniae</strong></span> <span class='ocrx_word' id='word_1_326' title='bbox 899 1996 963 2018; x_wconf 81' lang='lat' dir='ltr'><strong>tuae</strong></span> <span class='ocrx_word' id='word_1_327' title='bbox 988 1989 1112 2029; x_wconf 76' lang='lat' dir='ltr'><strong>parcis,</strong></span> <span class='ocrx_word' id='word_1_328' title='bbox 1135 1986 1226 2028; x_wconf 79' lang='lat' dir='ltr'><strong>quasi</strong></span> <span class='ocrx_word' id='word_1_329' title='bbox 1246 1997 1265 2016; x_wconf 85' lang='lat' dir='ltr'><strong>a</strong></span> <span class='ocrx_word' id='word_1_330' title='bbox 1288 1996 1337 2016; x_wconf 82' lang='lat' dir='ltr'><strong>re·</strong></span> 
     </span>
     <span class='ocr_line' id='line_1_65' title="bbox 770 2033 1338 2075; baseline -0.004 -11"><span class='ocrx_word' id='word_1_331' title='bbox 770 2034 888 2075; x_wconf 83' lang='lat' dir='ltr'><strong>ligione</strong></span> <span class='ocrx_word' id='word_1_332' title='bbox 930 2034 1023 2064; x_wconf 82' lang='lat' dir='ltr'><strong>alicui</strong></span> <span class='ocrx_word' id='word_1_333' title='bbox 1058 2033 1119 2064; x_wconf 89' lang='lat' dir='ltr'><strong>deo</strong></span> <span class='ocrx_word' id='word_1_334' title='bbox 1154 2039 1338 2064; x_wconf 77' lang='lat' dir='ltr'><strong>consecrata</strong></span> 
     </span>
     <span class='ocr_line' id='line_1_66' title="bbox 772 2078 1338 2120; baseline -0.002 -10"><span class='ocrx_word' id='word_1_335' title='bbox 772 2087 862 2111; x_wconf 80' lang='lat' dir='ltr'><strong>esset.</strong></span> <span class='ocrx_word' id='word_1_336' title='bbox 885 2097 933 2104; x_wconf 89' lang='lat'><strong>--</strong></span> <span class='ocrx_word' id='word_1_337' title='bbox 955 2079 1051 2110; x_wconf 78' lang='lat' dir='ltr'><strong>Pictis</strong></span> <span class='ocrx_word' id='word_1_338' title='bbox 1074 2078 1199 2110; x_wconf 79' lang='lat' dir='ltr'><strong>tabellis</strong></span> <span class='ocrx_word' id='word_1_339' title='bbox 1227 2089 1238 2109; x_wconf 91' lang='grc'><strong>.·</strong></span> <span class='ocrx_word' id='word_1_340' title='bbox 1261 2087 1338 2120; x_wconf 70' lang='lat' dir='ltr'><strong>quaa</strong></span> 
     </span>
     <span class='ocr_line' id='line_1_67' title="bbox 771 2125 1339 2167; baseline -0.004 -11"><span class='ocrx_word' id='word_1_341' title='bbox 771 2127 892 2157; x_wconf 80' lang='lat' dir='ltr'><strong>intueri</strong></span> <span class='ocrx_word' id='word_1_342' title='bbox 917 2126 1046 2167; x_wconf 75' lang='lat' dir='ltr'><strong>quidem</strong></span> <span class='ocrx_word' id='word_1_343' title='bbox 1067 2126 1159 2164; x_wconf 88' lang='lat' dir='ltr'><strong>licet,</strong></span> <span class='ocrx_word' id='word_1_344' title='bbox 1187 2125 1339 2166; x_wconf 75' lang='lat' dir='ltr'><strong>attingere</strong></span> 
     </span>
     <span class='ocr_line' id='line_1_68' title="bbox 771 2172 1340 2214; baseline -0.004 -11"><span class='ocrx_word' id='word_1_345' title='bbox 771 2173 871 2204; x_wconf 78' lang='lat' dir='ltr'><strong>nefas.</strong></span> <span class='ocrx_word' id='word_1_346' title='bbox 884 2189 931 2196; x_wconf 88' lang='lat'><strong>—-</strong></span> <span class='ocrx_word' id='word_1_347' title='bbox 951 2172 1020 2214; x_wconf 75' lang='lat' dir='ltr'><strong>Quo</strong></span> <span class='ocrx_word' id='word_1_348' title='bbox 1037 2173 1153 2202; x_wconf 81' lang='lat' dir='ltr'><strong>valeat</strong></span> <span class='ocrx_word' id='word_1_349' title='bbox 1167 2181 1312 2202; x_wconf 80' lang='lat' dir='ltr'><strong>nummus</strong></span> <span class='ocrx_word' id='word_1_350' title='bbox 1327 2180 1340 2201; x_wconf 91' lang='lat'><strong>.·</strong></span> 
     </span>
     <span class='ocr_line' id='line_1_69' title="bbox 773 2219 1226 2251; baseline -0.004 0"><span class='ocrx_word' id='word_1_351' title='bbox 773 2221 825 2251; x_wconf 84' lang='lat' dir='ltr'><strong>cui</strong></span> <span class='ocrx_word' id='word_1_352' title='bbox 839 2220 885 2250; x_wconf 83' lang='lat' dir='ltr'><strong>rei</strong></span> <span class='ocrx_word' id='word_1_353' title='bbox 895 2219 970 2250; x_wconf 64' lang='lat' dir='ltr'><strong>ver&amp;</strong></span> <span class='ocrx_word' id='word_1_354' title='bbox 982 2219 1055 2251; x_wconf 80' lang='lat' dir='ltr'><strong>utili</strong></span> <span class='ocrx_word' id='word_1_355' title='bbox 1066 2219 1226 2250; x_wconf 76' lang='lat' dir='ltr'><strong>inserviat.</strong></span> 
     </span>
    </p>
   </div>
  </div>
 </body>
</html>
