1422 2528
173 141 237 164 202

553 137 595 176 Q.
619 135 803 168 nonA‘rn
826 138 977 172 FLACGI

171 191 330 230 Parcius
347 190 409 228 hic
428 191 545 229 vivit?
562 194 661 243 frugi
677 195 836 233 dicatur.
849 198 1008 247 Ineptus

173 253 219 287 Et
231 252 435 300 jactantior
454 252 517 289 hic
532 253 647 304 paulo
664 258 743 294 est?
761 257 968 295 concinnus
985 257 1115 296 amicis
1326 270 1357 295 50

172 313 341 349 Postulat
361 320 402 348 ut
422 313 607 351 videatur.
627 317 678 350 At
696 323 752 352 est
771 318 1034 364 truculentior,
1053 328 1168 370 atquo

172 372 258 408 Plus
282 385 390 422 aequo
403 372 525 410 liber?
541 374 700 424 simplex
719 375 902 426 fortisque
921 377 1120 417 habeatur.

172 430 326 467 Caldior
343 432 423 468 est?
437 445 543 470 acres
563 433 662 470 inter
680 444 911 472 numeretur.
932 439 1096 487 Opinor,

171 491 261 526 Haec
278 503 338 527 res
356 498 394 528 et
406 492 549 541 jungit,
564 493 717 542 junctos
736 502 774 530 et
789 503 914 532 servat
929 497 1083 535 amicos.

171 550 220 586 At
236 562 304 587 nos
320 550 478 588 virtutes
496 551 596 601 ipsas
615 553 837 590 invertimus
853 561 898 600 ¹⁰,
914 564 1028 605 atque
1148 562 1150 565 '
1323 565 1353 590 ⁵⁵

172 608 370 646 Sincerum
393 610 568 659 cupimus
583 624 649 648 vas
665 612 886 651 incrustare.
909 615 1058 652 Probus
1073 615 1158 665 quis

170 667 378 705 Nobiscum
398 670 519 708 vivit?
538 673 698 709 multum
718 673 900 711 demissus
912 675 1045 722 homo;
1060 676 1115 712 illi

171 727 298 763 Tardo
310 755 321 773 ‚
343 741 551 778 cognomen
570 732 702 780 pingui
717 732 861 770 damus.
883 733 954 770 Hic
970 735 1065 784 fugit
1085 748 1212 774 omnes

171 785 334 823 Insidias
347 815 356 832 ‚
375 789 544 837 nullique
563 791 661 826 malo
682 792 778 827 latus
795 790 903 828 obdit
918 795 1115 842 apertum?

173 846 268 882 Citm
285 859 402 896 genus
423 847 497 884 hoc
510 849 609 886 inter
623 851 710 888 vitae
724 861 910 899 versetur,
925 850 993 889 ubi
1012 854 1109 890 acris
1321 863 1353 888 60

170 1009 257 1039 simae
290 1010 509 1041 Romanorum
534 1011 669 1044 familiae.
693 1031 738 1038 ——

168 1054 268 1096 Fmgi
287 1055 414 1086 dicatur
434 1067 444 1086 :
463 1058 513 1086 vir
529 1058 642 1100 frugi,
666 1070 739 1100 pro-

168 1100 238 1141 prie
259 1107 306 1131 est
328 1102 384 1132 ille
409 1102 426 1132 ὲ
457 1104 548 1141 cujus
577 1107 739 1136 consortio

156 1144 266 1187 frux,
286 1148 318 1178 h.
338 1158 365 1179 e.
385 1149 504 1178 utilitas
521 1151 598 1179 oriri
623 1158 738 1191 potest.

167 1193 354 1234 Metaphora
373 1194 470 1224 ducta
491 1202 537 1224 est
554 1206 595 1225 ex
620 1197 738 1227 arbori-

167 1237 230 1268 bus
239 1261 247 1276 ,
259 1250 394 1279 quarum
409 1241 476 1270 aliae
486 1240 607 1271 fructus
617 1242 735 1280 serunt,

168 1284 236 1314 aliae
249 1291 325 1314 sunt
337 1285 468 1316 steriles.
485 1303 530 1309 —
551 1289 681 1327 Ineptus
694 1290 739 1318 Et

161 1329 343 1371 jactantior
363 1330 413 1360 hic
431 1332 530 1371 paulo
551 1336 622 1363 est?
642 1334 735 1363 intel-

165 1375 227 1417 lige
246 1376 407 1407 hominem
428 1377 596 1417 loquacem
608 1401 616 1416 ‚
636 1381 735 1410 multa

166 1429 197 1452 et
213 1422 315 1452 futilia
339 1423 545 1464 garrientem,
569 1426 687 1464 quique
703 1436 735 1456 se

165 1477 204 1498 eo
216 1468 315 1498 modo
326 1468 450 1509 placere
459 1470 493 1497 in
509 1469 645 1499 coetibus
654 1472 736 1500 exis-

166 1515 267 1545 timat.
285 1531 332 1538 ·-—
353 1514 533 1544 Concinnus
548 1525 560 1543 :
574 1515 714 1546 urbanus
724 1539 733 1554 ,

166 1560 290 1601 elegans
306 1566 337 1590 et
356 1559 498 1591 festivus.
508 1577 554 1582 —
568 1562 736 1592 Truculen-

165 1606 237 1642 tior,
269 1613 366 1646 aeque
393 1605 468 1635 Plias
494 1617 587 1646 aequo
617 1607 694 1637 liber
722 1619 734 1638 .·

165 1651 264 1682 homo
286 1652 359 1681 duri
375 1653 548 1690 sermonis,
569 1660 605 1683 ut
623 1654 731 1684 Alces-

164 1705 212 1728 tes
232 1698 285 1728 ille
301 1698 520 1729 Molierianus.
532 1717 578 1721 —
589 1700 733 1740 Simplex

155 1743 316 1786 sortisque
333 1743 582 1785 habeatur:qui‚
599 1752 635 1775 ut
648 1746 686 1775 de
699 1757 732 1776 se

164 1789 249 1820 idem
273 1790 414 1820 Alcestes
436 1791 606 1831 praedicat,
627 1792 733 1822 candi-

165 1835 205 1866 de
215 1858 223 1873 ‚
240 1843 271 1866 et
289 1836 356 1866 εἰηὲ
372 1836 559 1878 ambagibus
571 1837 732 1878 eloquitur

165 1881 243 1923 quid
261 1884 385 1913 sentiat.

215 1938 265 1958 10.
276 1931 308 1958 A
310 1937 321 1958 ι
331 1939 389 1958 nos
396 1927 533 1958 virtutes
542 1928 627 1968 ipsas
637 1929 733 1959 inver-

163 1972 256 2003 timus
275 1985 287 2003 .·
308 1985 374 2004 non
391 1973 496 2004 solum
519 1976 595 2005 vitia
619 1977 731 2006 amico-

163 2029 236 2058 mm
250 2027 413 2050 attenuare
423 2031 488 2050 non
504 2022 729 2060 curamus,sed

162 2065 244 2106 ipsas
260 2067 394 2096 virtutes
419 2068 454 2096 in
475 2068 549 2096 vitia
566 2069 726 2100 vertimus.

161 2127 207 2135 --
217 2112 324 2153 Aeque
338 2112 499 2142 Sincerum
516 2113 656 2154 cupimus
666 2125 729 2145 vas

161 2157 337 2188 incrustare
348 2169 360 2188 :
370 2158 443 2189 ct'mi
456 2170 526 2189 vasa
540 2167 629 2190 erant
647 2160 726 2190 male

158 2210 264 2243 cocta,
276 2204 329 2236 vel
342 2205 464 2247 aliquid
479 2207 513 2237 in
522 2207 560 2237 iis
574 2213 638 2238 erat
651 2206 727 2237 odo-

791 1014 834 1044 ris
855 1014 939 1052 mali,
964 1014 1158 1045 liniebantur
1171 1012 1260 1046 intits
1284 1018 1355 1048 oleo

791 1061 928 1100 quodam
946 1067 976 1090 et
995 1061 1137 1102 glutin03
1157 1061 1242 1092 und&
1258 1061 1355 1094 flebat

791 1107 980 1137 incrustatio
991 1108 1134 1146 quaedam
1144 1114 1175 1137 et
1187 1109 1355 1139 tectorium

791 1152 826 1180 in
848 1153 918 1192 ipso
938 1163 1016 1182 waso
1043 1161 1051 1183 :
1071 1163 1139 1183 non
1156 1153 1251 1192 vero,
1281 1152 1355 1184 enm

790 1205 879 1227 erant
900 1198 1001 1238 probs
1021 1204 1053 1228 et
1075 1199 1212 1236 sincera,
1238 1199 1272 1230 id
1289 1206 1354 1239 est,

789 1253 868 1282 pura
879 1267 887 1281 ‚
904 1245 1099 1284 incorrupta.
1114 1245 1272 1275 Sententia
1287 1253 1354 1276 est:

789 1298 850 1317 nos
865 1290 1002 1318 actiones
1019 1290 1117 1319 bonas
1136 1297 1167 1318 et
1181 1290 1270 1320 dotes
1283 1292 1357 1322 ami-

789 1343 900 1363 corum
912 1335 1132 1374 inquinamus,
1144 1344 1193 1365 eas
1206 1337 1357 1368 vitiorum

789 1381 917 1410 nomine
939 1380 1102 1411 induendo
1121 1388 1152 1411 et
1169 1381 1355 1415 oblineudo.

786 1441 832 1448 -—
847 1427 966 1456 Probus
981 1426 1050 1466 quis
1067 1426 1237 1458 Nobiscum
1251 1428 1356 1459 vivit?

789 1471 921 1500 multum
946 1471 1100 1501 demissus
1126 1471 1220 1503 homo
1249 1485 1262 1503 .-
1281 1473 1354 1505 cinn

788 1516 874 1546 enim
888 1527 923 1547 ea
941 1518 980 1547 sit
996 1517 1091 1558 vulgo
1110 1518 1279 1558 probitatis
1302 1530 1356 1551 na-

788 1569 857 1592 tura
869 1585 877 1600 ,
898 1570 932 1592 ut
946 1573 1020 1592 cum
1037 1562 1123 1593 cerui
1137 1562 1271 1604 quaidam
1289 1577 1354 1596 mo-

788 1618 858 1638 rum
885 1609 1056 1638 dulcedine
1090 1616 1121 1639 et
1154 1606 1352 1653 indulgenti&

787 1655 1008 1696 conjungatur,
1021 1654 1098 1684 hinc
1111 1654 1150 1685 fit
1169 1663 1206 1686 ut
1226 1655 1244 1686 ti
1260 1659 1352 1689 vitio-

786 1700 827 1729 sis
841 1700 1042 1738 hominibus,
1061 1701 1196 1740 abjectio
1209 1709 1240 1732 et
1255 1705 1354 1734 animi

786 1745 933 1777 demissio
949 1746 1160 1778 habeman-
1166 1748 1223 1780 Illi
1232 1750 1350 1787 Tardo,

786 1802 964 1834 cognomen
983 1793 1100 1835 pingui
1121 1793 1234 1824 damus
1250 1805 1262 1825 .·
1278 1796 1350 1836 pin-

787 1849 880 1880 guem
896 1846 928 1869 et
949 1849 1086 1869 crassum
1108 1849 1258 1870 vocamus
1277 1851 1348 1871 eum

786 1886 842 1924 qui
861 1886 958 1925 paulo
975 1891 1020 1914 est
1037 1884 1155 1916 tardior
1168 1896 1203 1916 ac
1211 1888 1347 1928 segnior.

785 1946 831 1953 —
851 1931 1003 1972 Nullique
1031 1931 1118 1961 malo
1151 1932 1235 1962 lanus
1263 1932 1350 1963 obdit

784 1983 926 2016 apertum
939 1980 956 2007 ,ἃ
988 1977 1089 2015 obdit,
1120 1977 1232 2016 offert,
1263 1978 1346 2009 dete-

781 2023 837 2063 git.
861 2022 1046 2063 Metaphora
1072 2024 1208 2053 sumitur
1236 2023 1253 2054 ἐι
1281 2025 1346 2066 gla-

781 2068 971 2107 diatoribus,
990 2070 1045 2109 qni
1061 2075 1173 2099 cavent
1190 2071 1274 2100 inter
1285 2081 1345 2112 pu-

782 2113 943 2156 gnandum
955 2138 964 2153 ,
983 2125 1023 2145 ne
1037 2115 1108 2156 quis
1124 2122 1226 2155 pateat
1239 2117 1275 2146 in
1286 2126 1345 2147 suo

781 2171 915 2201 corpore
926 2161 1051 2191 vulneri
1063 2161 1165 2192 locus.
1190 2179 1236 2186 -
1267 2162 1344 2193 ciem

776 2217 879 2248 genus
898 2206 958 2238 Ιιοσ
983 2206 1066 2238 inter
1078 2206 1158 2239 vicce
1175 2214 1338 2239 versetur:
