1422 2528
564 113 646 145 ΠΒ.
659 112 693 143 V
717 111 806 144 ODE
825 111 886 142 x1.
1281 109 1343 141 125

282 164 526 226 Amoresqui
538 186 600 212 me
615 172 762 226 praeter
778 184 914 210 omnes
934 170 1082 222 expetit

177 235 362 275 Mollibus
379 235 422 274 in
440 234 592 286 pueris,
609 242 676 273 aut
693 233 735 272 in
752 233 893 286 puellis
917 245 1044 270 urere.

281 296 356 335 Hic
371 294 743 335 tertiusDecember
760 302 788 342 ²,
803 307 850 332 ex
870 306 949 344 quo
969 292 1103 331 destiti

174 358 332 397 Inachia
352 358 501 406 furere,
521 357 628 396 silvis
647 356 840 395 honorem
855 355 1021 394 decutit.

283 421 394 469 Heu!
414 432 494 465 me,
514 431 587 469 per
605 417 762 464 urbem,
780 419 871 454 nam
887 416 1010 468 pudet
1024 416 1121 455 tanti
1138 417 1249 464 mali,

175 479 323 519 Fabula
339 488 484 532 quanta
499 480 575 518 fui!
593 479 865 518 conviviorum
883 487 920 516 et
941 479 1128 530 poenitet,

283 542 330 579 In
343 541 453 592 queis
469 549 663 579 amantem
675 549 714 578 et
732 540 897 591 languor
912 547 950 577 et
973 539 1172 578 silentium

177 603 335 656 Arguit,
349 612 388 641 et
406 603 527 641 latere
545 603 691 654 petitus
708 601 787 639 imo
807 600 985 652 spiritus,
1317 618 1347 634 ω

284 681 302 699 «
319 665 515 703 Contrane
529 663 683 701 lucrum
700 662 756 700 nil
774 662 905 700 valere
921 660 1130 699 candidum

179 746 194 763 a·
209 727 396 780 Pauperis
411 726 610 778 ingenium
628 725 660 762 3!
682 741 698 759 »
715 722 933 772 Querebar,
951 722 1160 774 adplorans
1178 722 1248 762 tibi
1260 753 1270 770 ‚

285 789 408 828 Simul
428 788 587 826 calentis
607 786 894 826 inverecundus
915 785 1011 823 deus

180 849 407 897 Fervidiore
422 861 531 888 mero
548 861 690 887 arcana
710 847 912 899 promorat
932 846 1035 884 loco.

131 1047 179 1054 -
191 1028 248 1059 Me
255 1026 379 1069 praeter
393 1037 504 1058 omnes
524 1037 536 1057 .·
556 1037 608 1058 me
625 1025 712 1057 inter

130 1075 254 1108 multos
276 1074 355 1106 alios
379 1074 517 1114 juvenes
544 1075 633 1115 quasi
655 1072 712 1103 de-

128 1124 255 1156 lectum
278 1132 378 1164 quem
408 1122 500 1153 am'or
525 1127 647 1152 ureret.
666 1138 713 1144 -

133 1172 233 1203 Urere
245 1181 258 1200 :
270 1168 385 1201 eodem
397 1179 506 1208 sensu,
515 1168 605 1210 apud
614 1167 712 1200 ovid.

132 1217 353 1260 Metamorph.
365 1217 453 1255 VII,
477 1227 518 1248 21
538 1227 547 1248 :
566 1214 657 1258 Quid
680 1215 715 1246 in

136 1265 277 1308 bospite,
296 1263 391 1307 regia
413 1262 536 1307 virgo,
557 1262 664 1294 Uteris
675 1266 693 1293 ,θ

185 1323 218 1344 2.
248 1311 373 1343 Tertius
395 1310 586 1342 december.-
601 1311 718 1341 tertius

138 1369 244 1391 annus
282 1365 349 1398 est,
377 1369 421 1389 ex
455 1368 523 1400 quo
552 1357 718 1388 Inachiam

139 1407 300 1438 furentem
311 1407 348 1437 in
357 1404 492 1436 modum
506 1404 656 1435 adamare
668 1403 722 1435 de-

138 1455 248 1486 sii.-·-
267 1452 364 1485 Silvis
390 1451 546 1483 honorem
574 1450 720 1484 decutit:

140 1501 273 1533 trbores
287 1500 375 1532 foliis
385 1500 452 1531 suis
462 1499 591 1542 spoliat.
602 1498 722 1530 Iisdem

142 1548 208 1580 fere
231 1547 340 1580 verbis
366 1547 483 1590 Virgil.
517 1542 639 1590 Georg.
670 1548 722 1585 ΙΙ,

144 1602 210 1634 404
228 1605 237 1627 :
256 1593 405 1637 Fn'gc'dus
429 1601 463 1625 ee
485 1594 582 1635 sylvis
608 1593 722 1636 aquilo

142 1642 284 1674 decussit
305 1640 473 1674 honorem.
485 1659 532 1665 —-
550 1643 724 1684 Languor:

143 1690 253 1722 mollis
278 1689 377 1720 animi
396 1689 529 1720 habitus
548 1689 610 1720 sub
631 1699 723 1719 cura-

143 1749 217 1769 rum
238 1736 383 1779 pondere
410 1736 599 1768 fatiscentis.
614 1753 661 1760 ·—-
677 1735 725 1767 Si-

143 1784 279 1817 lentium
292 1796 306 1822 ‚·
319 1783 387 1824 jam
401 1782 519 1826 snpra,
534 1783 598 1816 Od.
613 1785 674 1822 lv,
695 1793 724 1822 x,

147 1833 190 1864 35
203 1843 212 1865 t
232 1831 297 1864 Cz‘aer
302 1830 457 1874 facunda
473 1841 592 1872 parum
607 1831 726 1862 decoro

145 1880 238 1911 Inter
249 1879 356 1910 verba
373 1878 466 1909 cadit
489 1878 606 1920 lingua
629 1878 726 1909 silen-

146 1927 192 1958 tio
202 1930 220 1958 ‚³
235 1926 321 1958 Vide
334 1927 369 1958 h.
387 1927 412 1958 l.
436 1933 468 1957 et
489 1932 612 1958 notam.
622 1943 670 1949 —-
682 1927 729 1956 Ee

147 1973 250 2006 latere
275 1973 398 2015 peticus
425 1972 490 2004 imo
519 1971 649 2014 spiritus
665 1984 678 2004 .·
695 1978 728 2004 et

147 2021 324 2064 suspirium
333 2032 376 2052 ex
389 2021 454 2052 alto
467 2027 600 2063 pectore
613 2027 728 2052 attrac-

149 2075 236 2107 tum;
251 2069 360 2100 omnia
382 2069 518 2100 violenti
541 2069 660 2100 amoris
678 2068 729 2099 in-

149 2114 244 2148 dicia.

199 2163 232 2194 3.
247 2161 411 2194 contrane
423 2163 545 2194 lucrum
555 2161 603 2193 m'l
611 2162 729 2193 valere

151 2209 328 2240 candidum
346 2210 505 2252 Pauperis
530 2209 700 2252 ingenium
714 2212 728 2240 Ι

89 2287 95 2290 ,
150 2263 227 2287 sunt
248 2256 347 2288 verba
371 2258 499 2289 Horatii
524 2257 563 2288 ad
590 2258 728 2288 amicum

765 1025 807 1056 de
831 1023 973 1055 Iuachiae
994 1022 1126 1055 avaritia
1149 1035 1354 1067 conqueren-

768 1073 821 1104 tis.
840 1072 966 1103 Fierine
989 1078 1114 1114 potest,
1130 1082 1182 1103 me
1210 1074 1355 1105 candore

767 1126 801 1150 et
827 1118 960 1162 ingenio
984 1118 1178 1161 praeditum,
1204 1120 1261 1151 sed
1283 1122 1355 1163 opi-

768 1167 832 1198 bus
856 1166 1066 1206 destitutum,
1082 1166 1269 1199 inferiorem
1287 1179 1354 1200 esse

770 1213 857 1256 apud
884 1213 1052 1245 Inachiam
1086 1213 1243 1247 divitibus
1274 1226 1355 1258 quo-

771 1272 847 1292 rum
861 1261 917 1292 illa
932 1272 1076 1293 amorem
1093 1262 1181 1294 lucro
1195 1265 1331 1306 apponit
1341 1265 1355 1294 Ξ)

771 1326 819 1334 -—
852 1308 1018 1350 Querebar
1055 1309 1237 1351 applorans
1264 1309 1321 1342 cibi
1345 1322 1356 1341 .·

773 1356 848 1387 talia
871 1366 942 1387 uon
959 1357 1029 1387 siue
1053 1357 1195 1388 lacrimis
1225 1358 1287 1389 tibi
1309 1357 1358 1389 di-

775 1403 905 1442 cebam,
925 1401 1021 1434 simul
1036 1415 1090 1443 ac,
1109 1411 1172 1436 etc.
1187 1422 1235 1428 —-
1255 1406 1360 1436 Simicl

775 1450 916 1482 calentis
940 1449 1172 1482 inverecundus
1191 1452 1270 1483 deus
1287 1454 1359 1484 Fer-

777 1497 896 1530 vidiore
921 1508 1010 1528 mero
1035 1509 1163 1530 arcana
1184 1499 1361 1541 promorat

777 1546 861 1577 Ioco.
883 1546 938 1576 Sic
962 1553 1116 1577 construe
1144 1557 1152 1578 :
1186 1547 1291 1578 Simiae
1323 1559 1359 1578 ac

776 1593 1006 1625 inverecundus
1045 1593 1142 1631 deus,
1195 1595 1359 1633 Bacchus,

772 1638 947 1683 promo⁴rat
971 1640 1065 1679 Ioco,
1093 1641 1126 1673 h.
1156 1653 1184 1672 e.
1218 1650 1361 1674 extorse-

779 1696 832 1719 rat
847 1698 976 1719 arcana
993 1687 1058 1719 mei
1069 1687 1251 1731 fervidiore
1270 1701 1360 1721 mero

778 1734 929 1767 calentis.
954 1735 1055 1766 Silere
1080 1736 1269 1767 decreverat
1282 1749 1291 1776 ;
1305 1737 1362 1768 sed

778 1785 858 1815 vino
904 1783 1051 1824 linguam
1086 1784 1250 1824 solvente,
1285 1783 1365 1816 time

780 1831 821 1862 de
850 1830 1016 1862 amoribus
1050 1832 1117 1862 suis
1150 1842 1226 1862 cum
1258 1834 1364 1864 Pettio

781 1878 879 1910 unice
892 1877 1173 1911 confabulabatur.
1191 1879 1269 1911 Ideo
1288 1881 1366 1911 Bac-

782 1926 881 1957 chum
906 1925 962 1956 hic
990 1925 1237 1958 inverecundum
1266 1936 1364 1959 vocat

781 1983 880 2016 quem
895 1970 994 2014 supra
1007 1972 1070 2006 Od.
1087 1976 1122 2013 Ι,
1142 1985 1199 2014 27,
1226 1976 1244 2006 3
1262 1986 1362 2006 ‘vere-

781 2020 924 2052 cundum
961 2021 979 2052 ὲ
1015 2021 1129 2052 contra
1170 2023 1363 2064 appellavit:

782 2067 858 2100 nam
887 2068 942 2099 hic
986 2067 1146 2110 pudorem
1185 2070 1365 2112 expellebat

783 2125 882 2157 quem
913 2126 955 2146 ex
989 2115 1126 2159 indigno
1155 2127 1216 2148 sno
1256 2128 1364 2147 amore

784 2164 938 2194 Horatius
954 2165 1141 2206 concepisse
1154 2164 1304 2194 sessfassus
1318 2172 1366 2194 est

783 2209 881 2252 (nam
910 2210 1012 2251 pudet
1038 2212 1119 2242 tanti
1142 2211 1254 2253 mali).
1281 2212 1366 2243 Con-

783 2257 853 2288 sule
864 2264 975 2289 notam
994 2259 1029 2289 iu
1046 2257 1160 2297 oden,
1178 2259 1208 2294 1,
1228 2268 1284 2297 27,
1303 2260 1334 2289 3.

1192 2311 1209 2325 ι

1138 2325 1179 2348 11
