1422 2528
248 3 251 5 '
306 0 322 25 'h

140 145 206 176 280

329 149 369 188 Q.
394 146 578 179 nomm
601 145 753 180 FLAcm
779 147 858 180 Lm.
876 147 892 177 1
913 126 1071 180 sA‘rmA
1097 149 1138 179 x.
1162 118 1175 127 ”

137 203 281 242 Plotius
298 203 336 242 et
350 205 506 254 Varius,
527 209 715 245 Maecenas
726 235 738 254 ‚
757 206 1042 257 virgiliusque,

136 264 311 314 Valgius,
328 273 365 303 et
383 265 522 316 probet
540 267 622 306 haec
640 267 824 306 Octavius
846 267 1034 318 optimus,
1054 275 1168 318 atque

137 326 301 372 Fuscus;
320 333 358 362 et
370 324 451 363 haec
471 327 616 366 utinam
634 328 839 367 Viscorum
861 327 991 365 laudet
1008 327 1187 378 uterque!

137 384 358 424 Ambitione
376 387 542 438 relegata
557 387 602 436 3¹,
622 397 659 427 te
674 388 802 427 dicere
819 400 996 440 possum,

138 444 258 482 Pollio
270 474 280 492 ,
297 454 354 492 te,
371 448 552 494 Messala,
568 456 636 486 tuo
657 461 744 486 cum
757 448 895 495 fratre;
919 446 1107 498 simulque
1301 455 1333 481 8⁵

137 505 216 540 Vos
235 503 370 543 Bibule
387 515 424 543 et
441 507 567 554 Servi;
590 508 701 547 simul
720 508 780 546 his
797 517 852 556 te,
870 507 1031 545 candide
1046 507 1184 555 Furni3

137 564 360 614 Complures
381 566 496 615 alios,
515 567 648 606 doctos
670 581 740 620 ego
757 581 854 620 quos
870 577 908 606 et
927 567 1068 605 amicos

136 624 306 662 Prudens
321 634 528 675 praetereo,
550 629 691 678 quibus
706 629 809 677 haec,
828 629 903 667 sint
921 629 1234 679 qualiacumque,

135 684 319 722 Arridere
334 686 446 723 velim
458 715 468 733 ‚
490 687 697 736 doliturus,
714 690 745 726 si
760 690 936 740 placeant
951 701 1018 739 spe

135 745 314 783 Deterius
333 748 475 785 nostra.
491 749 683 797 Demetri,
701 759 833 799 teque,
847 748 1002 799 Tigelli,
1300 764 1332 790 9⁰

134 804 417 856 Discipularum
435 806 533 844 inter
545 808 665 858 jubeo
685 810 838 860 plorare
858 809 1058 848 cathedras
1075 807 1117 846 3².

134 867 168 913 Ι,
186 879 295 916 puer,
312 875 427 918 atque
441 881 526 907 meo
543 869 643 908 citus
664 871 746 910 haec
762 869 959 909 subscribe
975 868 1117 908 libello.

134 1026 258 1058 Plotius
275 1039 286 1057 :
304 1028 378 1059 vide
394 1029 490 1071 supra
505 1033 568 1062 Sat.
585 1035 625 1069 V,
648 1039 700 1070 4ο.

133 1091 181 1097 -
188 1076 220 1103 V
217 1074 315 1112 arius,
329 1077 361 1104 V
359 1075 543 1118 irgiliusqlce
551 1089 562 1107 .·
573 1078 703 1112 ibidem.

133 1137 180 1144 -—-
196 1121 328 1163 Valgius
340 1133 351 1152 .-
363 1122 449 1153 idem
462 1124 515 1154 ille
531 1131 577 1154 est
588 1147 596 1162 ‚
613 1127 704 1166 cujus

133 1168 264 1197 nomine
272 1168 459 1199 inscribitur
469 1170 529 1200 ode
537 1173 583 1201 IX
593 1172 650 1203 lib.
660 1175 703 1204 11.

133 1230 180 1236 ——
198 1214 348 1244 Octavius
362 1226 373 1244 .·
387 1223 481 1256 poeta
492 1224 524 1247 et
535 1217 704 1250 historicus

132 1260 285 1301 insignia,
311 1262 347 1292 iu
374 1262 465 1301 cujus
490 1270 627 1294 mortem
652 1277 704 1296 ex-

133 1313 178 1336 tat
203 1307 314 1337 nobile
339 1309 467 1350 Virgilii
494 1312 702 1352 epigramma,

133 1353 282 1384 catalect.
289 1355 382 1386 XIV.
391 1373 437 1378 —-
445 1356 609 1387 Viscorum
621 1358 702 1388 uter-

132 1410 195 1440 que
219 1411 230 1429 .·
255 1399 326 1430 vide
344 1402 435 1442 epist.
455 1404 486 1441 1,
510 1413 550 1433 10
568 1403 607 1433 ad
625 1406 703 1435 Fus-

134 1456 207 1475 cum
223 1447 357 1477 Viscum
369 1449 531 1489 scriptam.

181 1492 198 1522 3
207 1503 235 1523 1.
247 1493 431 1524 Ambitione
439 1494 585 1538 relegasti
599 1507 610 1526 :
623 1496 702 1527 citra

89 1570 93 1574 ὁ
132 1537 348 1570 adulationem
364 1547 395 1570 et
409 1547 503 1582 turpe
525 1543 702 1574 commodis

131 1585 209 1615 meis
223 1587 419 1617 inserviendi
427 1587 703 1620 studium—Pol—

131 1630 175 1661 Iio
186 1642 197 1660 .·
213 1631 286 1661 vide
299 1632 351 1663 od.
369 1634 421 1670 ΙΙ,
437 1644 465 1664 1.
476 1652 523 1657 —
537 1636 681 1666 Messala
691 1647 702 1666 :

131 1679 322 1719 cognomine
335 1679 495 1710 Corvinus
505 1692 513 1718 3
525 1680 610 1723 apud
620 1684 701 1714 Nos-

131 1730 217 1753 trum
232 1723 410 1756 honorifice
429 1735 636 1760 memoratus.
655 1746 703 1753 --

131 1769 256 1807 Bibuli,
279 1771 386 1809 Servi,
411 1773 512 1803 Furni
533 1784 545 1804 .·
571 1775 702 1805 nomina

130 1823 205 1847 sunt
226 1818 370 1848 virorum
390 1819 558 1851 nobilitate
577 1827 607 1850 et
621 1821 702 1852 litte-

97 1895 100 1898 ,
129 1873 239 1892 rarum
252 1863 360 1895 studio
370 1866 553 1907 insignium,
565 1884 612 1890 -—
621 1870 700 1898 Pru-

129 1908 208 1939 dens
227 1921 238 1939 :
264 1921 305 1940 ex
331 1911 489 1942 industria
499 1935 508 1948 ‚
535 1924 574 1943 ne
598 1913 681 1944 forte
691 1937 699 1953 ‚

129 1955 296 1986 amicitiam
332 1964 363 1987 et
402 1960 698 2001 comprobationem

131 2007 178 2031 tot
214 2003 357 2034 virorum
390 2005 470 2037 mihi
498 2006 679 2048 arrogando
689 2031 697 2043 ‚

758 1031 856 1064 fastus
870 1039 902 1064 et
915 1032 1018 1063 inanis
1037 1029 1196 1073 superbiae
1209 1030 1332 1061 crimen

759 1081 933 1110 incurram.

808 1127 862 1157 32.
884 1124 1124 1165 Discipularum
1140 1121 1224 1153 inter
1236 1122 1330 1164 jubeo

757 1173 887 1214 plorare
914 1170 1085 1202 cathedras
1111 1181 1123 1200 .·
1146 1179 1252 1200 mores
1276 1179 1331 1211 au-

760 1219 919 1250 dientium
952 1217 1109 1248 Demetrii
1137 1215 1328 1257 Tigelliique

758 1276 867 1296 versus
883 1265 985 1305 carpit
995 1286 1004 1302 ,
1019 1261 1096 1293 dum
1112 1272 1166 1292 eos
1184 1271 1252 1292 non
1267 1261 1329 1291 dis-

758 1311 934 1352 cipulorum
946 1333 957 1348 ‚
975 1308 1031 1339 sed
1047 1306 1275 1348 discipularum
1291 1308 1329 1337 ti-

759 1358 828 1389 tulo
839 1356 939 1388 afficit
948 1379 957 1395 ,
971 1354 1061 1397 quod
1074 1355 1242 1395 utriusque
1252 1353 1331 1384 mol-

757 1405 838 1435 litiei
849 1403 915 1443 jam
929 1401 1026 1444 supra
1039 1413 1070 1433 v.
1088 1410 1128 1442 ¹9
1143 1406 1262 1431 notatae
1277 1410 1328 1440 ap-

756 1452 860 1492 prime
875 1449 1039 1480 convenit.
1057 1446 1255 1479 Effeminatis
1271 1445 1329 1476 ho·

756 1497 898 1528 minibus
924 1495 1074 1536 discipuli
1096 1491 1347 1534 discipularum*

754 1542 828 1574 loco
837 1541 1086 1574 erant.—-Jubeo
1091 1541 1236 1582 plorare;
1242 1539 1330 1571 locu-

756 1591 802 1620 tio
824 1600 926 1632 graeca
948 1595 980 1619 et
1001 1587 1139 1618 formula
1162 1585 1242 1617 male
1267 1585 1328 1615 im-

755 1635 923 1677 precandi;
948 1631 1084 1672 κλαίειν,
1112 1633 1165 1664 vel
1187 1629 1326 1675 οἰμώζειν

755 1681 852 1727 λέγω,
869 1679 998 1713 κελεύω.
1009 1697 1056 1704 --
1067 1681 1104 1716 I,
1114 1687 1198 1720 puer
1211 1688 1223 1708 .·
1238 1679 1327 1709 Ama-

755 1739 910 1759 nuensem
925 1728 1062 1768 aliquem
1076 1723 1235 1768 significat
1245 1746 1254 1762 ,
1270 1724 1327 1765 qui

754 1777 870 1816 scripta
892 1781 924 1805 et
947 1774 1066 1804 dictata
1090 1772 1265 1813 exciperet.
1281 1787 1326 1793 --

756 1821 917 1852 Subscribe
937 1832 948 1851 :
973 1820 1046 1861 post
1069 1825 1197 1849 caeteras
1219 1817 1342 1867 satiras!

754 1870 789 1898 iu
807 1868 870 1898 hoc
884 1868 969 1898 libro
990 1864 1251 1906 comprehensas,
1270 1872 1359 1893 seu--

755 1913 862 1956 potius
892 1914 964 1954 post
1001 1918 1146 1952 quartam
1181 1911 1307 1941 satiram
1317 1930 1326 1945 ,

754 1961 845 2000 cujus
865 1960 933 1990 haec
954 1969 1037 1989 nova
1051 1957 1140 2001 quasi
1155 1956 1328 1989 necessaria

755 2005 919 2048 appendix
934 2012 990 2037 est.
