1422 2528
187 118 252 149 228

580 119 619 158 Q
636 115 818 163 HonATn
834 114 983 146 FLAcct

185 195 201 212 »
218 178 280 216 Sic
299 177 455 215 mutilus
469 177 678 215 minitaris?
696 194 711 210 »
724 179 774 212 At
791 176 845 213 illi
859 175 959 212 foeda
974 175 1131 214 cicatrix
1338 189 1371 214 se,

184 242 354 277 Setosam
371 238 456 275 laevi
474 238 636 275 frontem
654 244 878 287 turpaverat
891 237 981 272 oris.

186 300 421 348 Campanum
435 298 474 334 in
490 297 686 342 morbum,
707 298 746 333 in
766 296 897 333 faciem
916 296 1105 345 permulta
1114 295 1278 346 jocatus,
1325 302 1330 306 ”

186 361 380 400 Pastorem
399 359 552 395 saltaret
570 356 625 395 uti
640 358 806 407 Cyclopa
824 355 1001 406 rogabat3

185 419 249 456 Nil
267 419 321 455 illi
337 419 462 462 larva,
486 428 550 456 aut
565 419 716 468 tragicis
734 430 830 467 opus
853 430 932 454 esse
952 416 1171 454 cothumis..

186 478 315 519 Multa
326 478 491 514 Cicirrus
509 477 556 514 ad
574 477 655 514 haec
677 492 685 514 ε
703 478 878 514 donasset
892 477 1020 526 jamne
1039 486 1208 514 catenam
1339 486 1372 511 65

189 538 248 574 Ex
269 545 360 574 voto
375 537 537 574 Laribus
552 531 579 559 ³¹
590 566 600 583 ,
621 537 837 587 quaerebat,
858 537 981 574 scriba
995 535 1100 586 quod
1115 546 1232 586 esset,

186 595 316 635 Nihilo
332 597 499 635 deterius
519 597 680 635 dominae
693 599 754 648 jus
777 610 867 634 esse.
883 597 1056 647 Rogabat

186 659 378 708 Denique,
399 661 468 696 cin·
488 662 653 708 unquam
675 659 841 709 fugisset,
858 659 918 695 cui
935 657 1023 696 satis
1041 671 1117 697 una

189 718 315 755 Farris
334 718 431 755 libra
451 718 565 764 foret,
582 719 714 768 gracili
730 717 782 755 sic
794 746 803 763 ‚
822 721 972 767 tamque
986 718 1134 768 pusillo.

188 779 348 816 Prorsus
359 778 526 829 jucunde
543 791 684 815 coenam
702 778 947 828 producimus
962 778 1076 815 illam.
1341 796 1373 822 70

187 957 254 994 oilli
282 962 313 986 et
341 956 492 998 impares,
521 957 547 985 si
574 956 641 985 istis
665 956 758 985 armis

188 1003 413 1039 destituamur,
423 1001 517 1032 etiam
528 1003 562 1032 in
575 1009 674 1043 parte.
686 1004 758 1032 Por-

189 1050 226 1080 ro
241 1049 354 1079 alludit
368 1051 551 1079 Sarmentus
571 1048 610 1078 ad
633 1056 757 1088 turpem

189 1096 369 1126 cicatricem
378 1096 411 1124 in
421 1095 526 1124 fronte
533 1096 640 1125 Messii
651 1102 758 1124 extan-

189 1149 264 1180 tem,
274 1148 408 1171 exsectae
415 1140 521 1171 forsan
534 1151 676 1170 verrucae
690 1152 756 1170 ves-

192 1188 318 1230 tigium3
330 1188 439 1227 sicque
455 1186 552 1217 hostis
563 1187 758 1217 debilitatem

190 1233 312 1264 irridet.
338 1251 385 1257 —
421 1234 564 1263 Setosam
595 1244 606 1262 .·
638 1233 758 1272 capillis

190 1279 274 1313 foede
304 1279 435 1309 hirsutis
474 1278 669 1310 horrentem.
711 1295 757 1302 —

191 1343 239 1350 —--·
254 1326 457 1366 Campanum
474 1325 506 1354 in
521 1325 661 1354 morbum
673 1335 685 1354 .·
695 1331 760 1354 rur-

191 1383 265 1414 pem
281 1378 313 1403 et
335 1371 541 1413 epidemicam
565 1372 652 1401 luem
673 1369 759 1411 apud

191 1419 370 1461 Campanos
395 1428 616 1454 communem,
643 1428 683 1447 ex
706 1428 759 1447 eo-

188 1476 262 1496 rum
277 1464 425 1495 moribus·
444 1463 621 1504 depravatis
640 1470 758 1502 ortam,

189 1513 346 1552 cujusque
367 1510 495 1540 infamia
515 1512 617 1551 signa,
636 1516 672 1540 ut
689 1521 758 1539 ver-

189 1568 276 1588 rucae
290 1567 450 1593 enormes,
465 1557 589 1597 papulae
606 1557 680 1586 tabo
697 1555 758 1585 dif-

189 1603 325 1635 fluentes
339 1605 374 1634 in
388 1603 479 1633 vultu
495 1604 592 1632 totius
606 1602 670 1632 fere
686 1613 759 1643 gen-

190 1652 241 1689 tis,
252 1649 457 1691 apparebant.
475 1650 624 1689 Capuana
632 1649 761 1678 luxuria

189 1697 229 1727 ab
247 1695 408 1728 Annibale
432 1695 471 1725 ad
495 1705 554 1724 nos
577 1696 611 1724 in
634 1705 762 1735 prover-

189 1743 281 1774 bium
294 1743 394 1773 venit.
413 1759 460 1765 —
475 1744 639 1771 Pastorem
657 1741 757 1770 salta-

178 1786 240 1820 ⁸ret·
254 1787 300 1819 uli
317 1788 474 1828 Cyclopa,
491 1787 627 1828 rogabat
642 1798 654 1816 .·
673 1798 759 1828 roga-

189 1835 245 1866 bat
261 1835 413 1866 Messium
425 1857 433 1872 ,
453 1841 492 1864 ut
510 1835 635 1863 saltaret
654 1841 759 1874 pasto-

189 1892 256 1912 rem
277 1881 451 1922 Cyclopem
470 1890 478 1911 :
496 1880 530 1909 id
554 1888 617 1916 est,
641 1886 677 1909 ut
700 1882 760 1910 Po-

188 1927 377 1969 lyphemum
399 1926 542 1956 saltando
563 1927 757 1964 imitaretur3

189 1983 264 2004 enm
275 1974 323 2003 illi
336 1983 401 2003 esse
412 1972 626 2008 simillimum,
641 1972 684 2002 ob
693 1974 757 2002 oris

189 2020 386 2056 cicatricem,
423 2019 480 2049 uni
517 2019 564 2048 illi
608 2019 756 2060 Cyclopis

189 2065 285 2097 oculo
294 2065 539 2106 respondentem
551 2087 560 2103 ,
579 2071 610 2095 et
625 2065 670 2094 ob
689 2075 759 2095 cor-

189 2113 277 2155 poris
289 2114 523 2154 proceritatem.

240 2169 254 2189 1
263 2169 278 2189 1
287 2182 294 2190 .
305 2160 467 2189 Donassee
476 2157 593 2199 jizmne
606 2165 755 2187 catenam

189 2207 245 2236 Ex
261 2211 341 2236 voto
357 2204 489 2236 Laribus
506 2215 517 2234 .-
540 2206 595 2245 qui
615 2203 757 2245 periculo

811 955 952 985 defuncti
966 962 1069 992 erant,
1089 961 1147 986 aut
1160 961 1257 985 artem
1276 954 1374 997 depo·

811 1002 929 1032 nebant
961 1002 1096 1042 aliquam
1107 1023 1116 1038 ‚
1142 1002 1210 1040 ejus
1236 1001 1354 1032 indicia
1364 1025 1372 1041 ,

810 1049 1038 1086 instrumenta,
1059 1055 1131 1085 etc„
1149 1049 1218 1079 Deo
1237 1049 1374 1090 cuipiam

810 1094 1046 1125 consecrabant.
1088 1094 1231 1124 Docebat
1269 1094 1374 1125 autem

808 1151 933 1170 servum
954 1140 1100 1170 libertate
1121 1140 1276 1171 donatum
1295 1147 1375 1171 cate-

809 1197 865 1215 nas
898 1187 1028 1216 Laribus
1038 1209 1047 1223 ,
1086 1185 1145 1215 diis
1175 1186 1355 1216 domesticis
1365 1209 1374 1225 ‚

810 1243 1004 1263 consecrare.
1038 1232 1208 1272 Quaerebat
1236 1231 1333 1274 igitur
1359 1232 1377 1263 a

810 1281 973 1309 Sar-mento
988 1279 1142 1315 Messius,
1157 1277 1235 1309 niun
1249 1279 1378 1309 tandem

813 1324 894 1355 liber
905 1331 983 1354 esset
995 1335 1030 1354 ac
1040 1326 1261 1363 manumissus,
1271 1335 1378 1365 quam-

813 1369 934 1401 dudum
951 1371 1078 1400 exiisset
1094 1372 1239 1409 servitio,
1257 1378 1289 1401 et
1305 1370 1380 1412 qua-

812 1428 884 1448 nam
907 1424 971 1447 arte
998 1417 1031 1446 id
1059 1423 1139 1447 esset
1168 1423 1376 1457 consecutus,

811 1466 950 1494 innuens
961 1463 1081 1493 scilieet
1089 1485 1098 1500 ,
1114 1474 1186 1493 eum
1197 1462 1299 1494 adhuc
1311 1474 1378 1494 esse

810 1520 953 1547 servum,
968 1509 1111 1550 quamvis
1125 1509 1306 1550 fugitivum.
1318 1511 1339 1540 J
1341 1521 1378 1540 u-

811 1567 909 1587 vmsc.
922 1573 968 1579 -—·
989 1555 1099 1586 Scriba
1112 1556 1200 1596 quod
1213 1563 1295 1586 esset
1303 1557 1377 1586 :mi—

812 1613 906 1634 nores
921 1602 967 1631 illi
981 1603 1196 1643 magistratus,
1209 1603 1243 1632 in
1258 1602 1376 1642 quibus

813 1649 885 1690 plus
896 1648 1039 1678 utilitatis
1058 1655 1123 1678 erat
1136 1647 1232 1688 quam
1245 1647 1378 1690 dignita-

815 1697 870 1732 tis,
895 1695 976 1736 saepe
998 1693 1113 1736 saepiixs
1127 1694 1301 1734 libertinis,
1319 1695 1376 1725 ali-

811 1741 938 1784 quando
967 1740 1062 1771 etiam
1090 1741 1169 1782 ipsis
1188 1742 1286 1771 servis
1303 1750 1374 1782 per-

811 1788 1031 1825 mittebantur,
1048 1787 1162 1828 utpote
1181 1788 1238 1828 qni
1254 1787 1376 1817 litteras

812 1842 1000 1874 caeterasque
1015 1840 1098 1863 artes
1111 1832 1286 1864 liberales-a
1297 1833 1375 1863 civi-

811 1883 873 1912 bus
893 1881 1090 1920 contemptui
1105 1879 1246 1918 habitas,
1265 1880 1375 1920 praeci-

811 1928 872 1969 pue
888 1927 1080 1957 excolerent.
1097 1943 1144 1950 —
1161 1925 1226 1956 Οὰι·
1233 1925 1375 1966 ηηᾳιιὰιη

799 1973 940 2016 fugisset
950 1984 961 2002 .-
974 1973 990 2002 ὲ
1005 1972 1101 2003 domo
1115 1971 1198 2002 herae
1210 1982 1286 2009 suae,
1302 1981 1376 2012 quae

808 2021 868 2062 ipsi
888 2021 1014 2049 victum·
1029 2017 1077 2048 sat
1094 2017 1311 2058 abundantem
1327 2028 1374 2047 re-

809 2076 918 2096 cusare
949 2075 1017 2095 non
1047 2070 1189 2105 poterat,
1221 2066 1275 2094 cui
1302 2074 1374 2102 ,nna

809 2114 916 2148 farris,
932 2111 964 2141 h.
981 2123 1009 2142 e.
1023 2112 1113 2152 panis
1131 2110 1212 2141 libra
1223 2133 1232 2150 ,
1247 2108 1375 2152 πῖθ’-απ

809 2159 865 2189 cili
878 2165 908 2188 et
921 2157 1037 2198 pusillo
1055 2155 1242 2189 sufficiebam
1252 2159 1374 2188 —Pro-

809 2205 953 2236 ducimus
965 2215 976 2235 .·
989 2204 1024 2234 in
1038 2202 1098 2234 hac
1113 2202 1220 2242 coena,
1238 2211 1276 2235 ut
1293 2204 1374 2235 sace-
