1422 2528
123 111 164 140 38
328 98 338 104 “
507 109 548 148 Q.
573 108 756 139 noum-11
779 107 930 139 FLACCI

126 169 219 215 Quis
238 167 306 204 scit
324 178 370 202 an
391 165 568 214 adjiciant
589 165 783 201 hodieruae
800 165 963 203 crastina
976 160 1130 202 summae
1145 165 1162 187 ὅ

329 227 517 274 Tempora
535 222 585 261 Di
603 224 756 274 superi?

121 289 262 324 Cuncta
281 297 412 321 manus
433 283 561 320 avidas
580 283 724 332 fugient
741 282 923 330 haeredis,
944 283 1066 320 amico

334 347 428 390 Quae
447 342 596 380 dederis
614 342 750 379 animo.
880 340 885 346 “
934 387 939 391 ⁴
1279 359 1309 376 ιο

125 409 253 452 Quum
273 402 384 441 semel
405 402 609 445 occideris,
634 410 670 438 et
690 401 737 438 de
757 409 793 438 te
812 401 1009 451 splendida
1028 402 1153 440 Minos

334 462 482 499 Fecerit
500 460 659 497 arbitria
681 468 712 507 7,

123 526 225 571 Non,
247 525 458 572 Torquate,
479 534 594 570 genus
607 549 617 567 ‚
634 533 711 558 non
732 528 768 557 te
785 519 979 568 facundia,
998 533 1074 558 non
1092 529 1128 558 te

329 583 518 619 Restituet
534 581 665 632 pietas.

123 643 283 683 Infernis
302 651 426 691 neque
445 638 544 677 enim
565 639 732 677 tenebris
749 639 871 676 Diana
887 639 1068 689 pudicum
1279 649 1312 675 25

126 792 170 824 vis
184 798 216 822 et
232 788 343 819 umbra
367 798 472 818 sumus
487 798 499 818 :
520 797 638 828 corpus
658 788 692 817 in

118 839 280 880 pulverem
295 834 466 876 redigitur3
484 833 571 874 quod
589 843 695 874 super-

126 892 184 922 est,
199 884 302 913 anima
316 880 445 918 scilicet,
458 891 544 910 σανα»
553 879 607 908 snb
618 879 694 909 ima-

123 926 345 973 ginefbrmoe,
366 926 470 957 tennis
481 926 549 956 sine
564 936 694 966 corpore

126 977 200 1007 ‘vita
211 999 220 1012 ‚
234 975 326 1014 Virg.
351 972 476 1004 AEneid.
495 974 561 1008 VI,
577 982 642 1011 29²
663 978 694 1001 et

131 1018 312 1064 293;²vera
333 1019 471 1059 denique
495 1018 622 1054 umbra,
648 1019 694 1047 in-

127 1071 211 1102 feros
235 1066 300 1096 adit
310 1086 324 1103 ,-
338 1064 392 1095 sed
418 1064 514 1094 eheu!
528 1063 693 1104 nunquam

128 1103 175 1146 ad*
190 1122 317 1154 superas
336 1121 425 1141 auras
443 1110 595 1140 reditura.
611 1110 694 1140 Con-

124 1163 172 1192 fer
192 1157 264 1192 cuin
287 1158 422 1188 Horatio
437 1156 600 1187 Delillium
622 1166 695 1186 nos-

127 1216 234 1243 trum,
255 1204 311 1246 qui
333 1204 367 1233 iu
392 1209 535 1243 poemate
557 1202 608 1231 cui
623 1203 696 1231 titu-

126 1255 178 1285 lus
203 1255 251 1283 La
267 1249 370 1286 Ρῐιῑέ,
394 1249 451 1279 lib.
467 1250 534 1286 111,
552 1249 586 1277 in
611 1246 694 1285 fine,

125 1299 203 1330 dum
228 1295 396 1338 'virginum
422 1294 696 1324 Virodunensium

127 1344 258 1386 indigne
285 1347 491 1372 mactatarum
515 1341 627 1370 Manes
655 1339 698 1369 la-

128 1393 234 1422 crimis
251 1397 281 1420 et
295 1387 467 1418 immortali
484 1387 623 1415 carmine
644 1385 696 1415 de-

127 1445 233 1474 corat,
257 1436 344 1465 hunc
376 1434 484 1464 locum
517 1431 695 1461 felicissimo}

128 1485 270 1515 imitatus
289 1488 348 1511 est.
365 1481 409 1509 Le
434 1486 549 1518 temps,
570 1477 628 1518 qui
644 1487 696 1507 ra-

123 1529 231 1572 jeum'c
244 1535 276 1558 et
293 1525 416 1557 vieillit
429 1525 463 1555 Ia
479 1531 610 1560 nature,
627 1525 693 1554 Ra-

129 1577 222 1607 ιηὲηε
238 1574 284 1603 les
293 1571 434 1613 ze'phirs‚
451 1571 496 1600 les
495 1570 601 1612 fleurs
618 1577 649 1599 et
663 1569 695 1599 Ia

129 1622 288 1656 verdure;
303 1618 388 1649 Mais
400 1617 444 1647 les
460 1627 520 1645 ans
532 1616 615 1645 dans
629 1616 698 1645 leur

129 1679 220 1700 ‹rom-s
239 1677 279 1695 ηε
308 1663 516 1694 ναιηέηενοηε
535 1672 599 1702 pas
628 1663 696 1691 Une

129 1722 223 1746 verm
238 1712 267 1742 si
276 1722 376 1752 pure,
391 1708 466 1739 unie
479 1708 500 1738 ὰ
516 1715 588 1738 tant
605 1707 695 1748 d'ap-

127 1772 188 1804 pas
198 1783 206 1799 ‚
227 1765 288 1789 etc.

178 1809 210 1838 6.
228 1803 397 1835 Hodiernae
410 1810 540 1831 summae
550 1810 563 1829 .·
573 1799 696 1830 dierum

128 1853 224 1884 hodie
253 1849 454 1891 expleturum
483 1856 628 1876 numero.
651 1861 697 1868 ·—-

136 1900 258 1931 Cuncta
289 1905 401 1926 manus
432 1892 543 1923 avidas
563 1891 698 1933 fitgient

102 1962 112 1969 —
131 1944 285 1976 haeredis.-
311 1941 436 1972 nullum
465 1939 566 1978 majus
588 1939 698 1967 incita-

130 1998 273 2022 mentum
291 1987 329 2018 ad
342 1985 522 2027 fugiendam
536 1985 697 2014 avaritiam

131 2045 163 2069 et
177 2037 218 2068 ad
237 2037 333 2066 vitam
354 2031 486 2062 honest&
506 2037 536 2060 et
555 2030 694 2060 hilariter

132 2080 379 2124 transigendam,
400 2077 494 2119 quam
509 2077 562 2106 ina
580 2077 695 2117 cogita-

132 2131 177 2162 tio
198 2139 206 2161 :
229 2124 394 2158 exstructis
422 2123 455 2154 in
480 2123 580 2153 altum
608 2121 695 2152 Divi-

132 2177 183 2209 tiis
207 2173 348 2216 potietur
374 2170 491 2206 haeres,
515 2167 611 2209 supra
633 2167 694 2200 od.

747 786 798 822 11,
815 786 852 823 3,
872 795 932 823 203
956 782 1028 815 cum
1053 786 1228 826 praesertim
1251 785 1311 816 tibi

745 842 812 862 non
830 831 888 861 filii
900 853 908 868 ,
922 831 976 861 sed
991 833 1134 872 cognati,
1148 838 1179 861 et
1189 854 1197 870 ‚
1216 829 1234 861 ἐι
1248 831 1312 862 for-

747 879 820 908 tiori
830 901 839 916 ,
866 876 1005 907 haeredes
1034 878 1158 907 ascititii
1187 887 1309 908 succes-

746 925 811 954 suri
824 930 909 954 sum.
920 941 968 946 --
978 923 1092 953 Amico
1104 933 1176 964 quoe
1189 923 1312 954 dederis

747 970 883 1000 animo:
904 980 976 1009 quae
1001 970 1096 1011 genio
1126 976 1203 1007 tuo,
1226 969 1261 1000 h.
1282 980 1310 1001 e.

745 1017 902 1056 voluptati
918 1015 1100 1046 indulseris.
1115 1015 1200 1046 Male
1217 1015 1312 1046 inter-

745 1069 911 1103 pretantur
933 1062 989 1102 qui
1006 1060 1255 1092 munificentiam
1269 1073 1315 1092 er-

746 1108 783 1149 ga
797 1109 913 1137 amicos
922 1129 930 1144 ‚
944 1117 1097 1148 pauperes
1106 1129 1115 1144 ‚
1132 1114 1190 1137 etc.
1209 1107 1263 1138 hic
1275 1107 1314 1138 ab

746 1154 878 1184 Horatio
907 1152 1032 1182 suaderi
1050 1153 1242 1184 existimant.
1257 1155 1314 1184 11ae

747 1210 840 1230 voces
850 1223 858 1237 ‚
878 1198 984 1228 amico
993 1198 1120 1235 animo,
1137 1200 1172 1229 in
1186 1198 1310 1236 dativo,

748 1256 813 1276 non
838 1247 872 1275 in
899 1244 1036 1275 ablativo
1059 1254 1133 1274 casu
1157 1245 1314 1285 ponendae

748 1298 833 1322 sunt.
846 1292 931 1322 Nota
948 1292 983 1320 in
1007 1290 1068 1321 hoc
1085 1290 1184 1320 verbo
1195 1313 1203 1327 ‚
1221 1291 1312 1321 dede-

749 1337 805 1373 ris,
828 1343 864 1367 ut
881 1338 915 1366 in
937 1335 1046 1367 versus
1060 1337 1220 1376 sequentis
1234 1338 1315 1367 occi-

749 1383 834 1413 deris
844 1405 853 1420 ‚
866 1383 1008 1412 ultimam
1026 1382 1179 1424 syllabam
1201 1382 1313 1413 natura

749 1429 805 1459 susi
827 1429 956 1459 brevem
968 1451 977 1466 ‚
998 1439 1055 1469 per
1073 1438 1199 1458 caesurae
1216 1428 1314 1460 licen·

749 1477 822 1505 tiam
838 1475 983 1516 produci.

796 1532 827 1560 7.
846 1523 896 1551 De
911 1529 941 1551 te
953 1520 1122 1561 splendida
1137 1519 1245 1551 Minos
1255 1521 1311 1563 se-

748 1567 826 1598 cerie
860 1566 991 1597 arbitria
1008 1578 1019 1596 .·
1050 1568 1189 1597 solemne
1216 1566 1256 1598 de
1282 1574 1312 1597 te

746 1614 758 1652 j
763 1613 901 1644 adiciam
920 1614 1314 1654 pronuntiaverim—Tor-

748 1667 846 1700 quate
863 1669 874 1688 :
889 1661 947 1699 qui
970 1659 1066 1688 fuerit
1093 1659 1234 1689 Manlius
1261 1658 1315 1690 ille

747 1707 928 1746 Torquatus
940 1706 975 1735 in
985 1706 1184 1746 Argumenta
1191 1703 1312 1735 dictum

750 1758 807 1782 est.
833 1751 973 1782 Observa
1001 1750 1096 1791 quam
1120 1751 1255 1791 graviter
1279 1751 1313 1780 in

749 1795 809 1827 hac
822 1796 966 1838 negativa
977 1819 985 1834 ‚
997 1807 1080 1833 non,
1094 1797 1142 1826 ίὲι·
1155 1797 1190 1826 in
1201 1795 1312 1826 eodem

751 1853 844 1873 versu
862 1841 994 1884 repetita
1016 1849 1101 1872 vates
1118 1843 1251 1873 insistat.
1267 1859 1314 1866 --

751 1907 797 1913 —-
813 1889 925 1919 Diana
931 1888 1083 1929 pudicum
1098 1887 1226 1918 Liberat
1237 1888 1314 1929 Hip-

743 1936 888 1977 polytum
901 1945 913 1965 .·
929 1934 1058 1971 Thesei,
1077 1940 1108 1963 et
1129 1933 1314 1975 Hippolytae

750 1982 920 2013 Amazonis
936 1979 1056 2018 filium,
1075 1980 1131 2020 qui
1149 1978 1166 2009 a
1183 1979 1313 2010 Phaedra

746 2027 882 2058 noverca
894 2026 1015 2056 delatus
1024 2025 1109 2067 apud
1118 2020 1238 2066 patrem
1253 2033 1313 2064 est,
1365 2059 1367 2061 ¹

746 2073 896 2115 tauquam
910 2073 949 2103 de
963 2079 1074 2113 stupro
1093 2073 1192 2113 ipsam
1208 2072 1316 2113 appel-

747 2121 851 2151 lasset.
865 2119 1006 2150 Theseus
1022 2117 1092 2150 filio
1106 2118 1186 2148 male
1207 2127 1314 2159 preca-

750 2173 811 2204 tus,
828 2166 951 2207 rogavit
964 2166 1150 2206 Neptunum
1157 2170 1194 2194 ut
1205 2173 1315 2206 poenas
