1422 2528
134 118 181 152 fil(

528 120 568 159 Q.
593 118 776 154 HORATII
801 120 955 152 FLAcci

286 176 418 211 Doctae
435 175 595 224 psallere
613 176 719 213 Chiae

336 233 508 272 Pulchris
522 235 685 273 excubat
701 236 740 274 in
757 236 874 286 genis.

237 293 482 343 Importunus
500 293 515 317 3
536 293 636 332 enim
656 298 865 334 transvolat
887 297 1011 334 aridas

239 357 429 402 Quercus,
449 364 487 392 et
502 357 640 405 refugit
660 364 714 404 te,
730 357 820 407 quiit
834 357 950 394 luridi
1294 376 1326 392 ιο

291 417 454 462 Dentes,
479 423 535 463 te,
555 417 647 468 quia
663 430 766 467 rugae

341 477 529 525 Turpant,
552 485 589 514 et
606 477 740 526 capitis
759 477 878 514 nives.

235 535 316 571 Nec
336 536 424 571 Coae
441 535 612 573 referunt
623 536 702 586 jam
720 535 791 573 tibi
808 549 989 586 purpurae
1008 538 1023 567 4
1035 564 1046 582 ,

132 681 286 723 praebent.
324 699 371 706 —
408 681 494 713 Chiae
516 694 527 712 :
556 684 698 714 meretri-

133 730 176 759 cis
209 727 374 766 cujusdam
401 739 442 759 ex
479 729 583 760 insula
618 729 698 761 Chio

133 774 289 806 oriundae.
314 777 396 816 Quae
419 782 451 805 et
474 786 540 816 quo
565 777 698 806 nomine

132 822 229 852 fuerit
239 822 415 863 ignoratur.
430 839 477 845 —-
486 821 634 852 Pulchris
644 833 700 852 ez·-

131 868 226 898 cubat
238 867 270 897 in
283 867 374 910 genis
386 879 397 898 :
411 869 446 898 in
462 867 599 909 pulchro
613 869 698 898 illius

131 915 225 945 vultu
251 914 358 944 sedem
383 921 415 945 et
449 915 538 955 quasi
565 915 699 945 domici-

130 961 209 992 lium
229 961 327 1001 elegit
341 962 452 991 Amor.
468 959 631 1001 Quantum
645 971 701 1001 per

131 1008 366 1048 oppositionem
386 1007 471 1037 illam
497 1006 611 1047 puellae
638 1007 702 1037 for-

131 1053 181 1083 mai
209 1061 240 1083 et
270 1060 359 1083 aetate
382 1053 525 1083 florentis
550 1060 701 1094 augeatur

130 1100 219 1130 illata
242 1102 327 1141 Lyce
351 1099 468 1138 injuria
483 1100 541 1139 qui
562 1109 630 1129 non
649 1101 701 1129 in-

132 1147 304 1188 telligeret,
328 1146 354 1175 is
372 1156 404 1175 se
428 1145 637 1175 muliebribus
661 1145 701 1175 af-

131 1192 266 1223 fectibus
291 1186 626 1233 extraneum0p1·oci11
646 1191 703 1222 du-

133 1239 188 1269 bio
201 1237 416 1280 profiteretur.

180 1287 209 1315 3.
224 1287 424 1325 Importunas
435 1295 447 1313 .·
462 1293 529 1313 vox
538 1283 702 1314 intellectu

130 1330 328 1362 difficillima.
337 1331 413 1368 Alii,
425 1340 589 1370 nunquam
598 1329 700 1370 quies-

132 1388 217 1415 cens,
235 1384 271 1407 ut
290 1377 464 1413 Dacierius,
490 1377 701 1416 interpretan-

133 1431 185 1454 tur
195 1435 204 1462 ;
221 1435 316 1464 quem
335 1433 462 1453 sensum
475 1421 633 1463 nusquam
651 1423 703 1453 ali-

132 1470 166 1500 hi
175 1471 312 1511 reperire
327 1476 391 1506 est;
405 1475 561 1508 repugnat
575 1469 702 1499 aliunde

130 1518 168 1547 iis
185 1527 258 1557 quae
274 1515 350 1545 mbx
364 1514 446 1545 dicta
464 1521 540 1544 sunt
558 1514 597 1545 de
621 1515 702 1556 psal-

131 1562 191 1594 tria
205 1561 302 1599 Chia,
325 1563 359 1592 iu
381 1562 471 1599 cujus
497 1563 584 1602 genis
607 1571 701 1591 excu-

131 1610 204 1646 bat,
235 1619 311 1646 seu,
345 1607 434 1649 quod
468 1606 552 1636 idem
597 1608 699 1644 valet,

125 1654 273 1698 quiescit.
293 1654 376 1693 Alii,
395 1660 432 1684 ut
453 1654 603 1694 Daering,
617 1654 674 1695 dis
687 1671 701 1676 -

133 1702 201 1734 cilis
210 1726 220 1740 ,
232 1702 350 1743 pariam
373 1699 556 1730 commodus
570 1701 700 1730 ‘vecula-

133 1760 202 1780 rum
235 1747 401 1790 precibus,
432 1744 545 1787 quasi,
573 1747 698 1787 inquit,

134 1795 158 1826 ii
184 1805 308 1837 quoque
337 1793 394 1834 qui
412 1791 528 1823 vocati
551 1802 616 1822 non
639 1803 700 1822 ‘ve-

133 1841 244 1878 m'unc,
267 1839 444 1880 importuni
477 1838 551 1869 sint.
575 1839 699 1869 Sanado

133 1890 361 1928 interpretatur
379 1895 388 1916 z
404 1886 508 1916 Amor
524 1885 701 1915 transvolat

132 1934 244 1966 aridas
274 1942 420 1974 quercus,
446 1930 556 1972 quibus
581 1938 629 1961 ese
650 1931 697 1961 in-

131 1979 347 2022 tempestivus,
372 1977 502 2008 laudato
534 1977 570 2007 in
611 1977 699 2008 hunc

132 2037 259 2059 sensum
270 2047 279 2064 ,
292 2025 355 2056 {ed
370 2034 437 2055 non
452 2025 548 2054 citato
561 2023 699 2064 quodam

132 2074 295 2107 Ciceronis
315 2072 406 2108 loco,
430 2071 487 2112 qui
505 2080 571 2100 suae
599 2071 698 2100 inter-

134 2119 303 2162 pretationi
350 2118 442 2148 favet.
479 2116 698 2147 Mitscherlich

134 2168 249 2204 vertit,
278 2163 453 2195 inhumano
484 2173 591 2200 more,
609 2162 698 2203 quod

135 2213 258 2244 Horatii
278 2235 286 2241 ,
301 2210 434 2242 consilio
482 2209 698 2241 contradicere

753 683 832 714 mihi
859 683 998 721 videtur,
1016 684 1072 723 qui
1098 684 1133 714 in
1162 683 1227 714 hoc
1251 684 1324 716 loco

753 731 881 760 Amoris
893 727 1053 769 judiciam
1073 729 1240 768 laudibus,
1255 741 1325 761 non

753 777 976 814 contumeliis,
1007 786 1138 807 onerare
1165 775 1269 808 debet.
1293 779 1324 808 A

752 822 868 854 clariss
907 823 977 853 viro
1005 823 1106 859 Daru,
1133 825 1236 854 Amor
1263 824 1324 853 im-

753 876 911 910 portunus
938 870 1099 901 vertitur:
1126 869 1156 899 Ie
1172 869 1323 910 papillon

757 914 954 955 capricieux;
970 914 987 945 ὲ
1006 925 1072 945 non
1095 913 1201 945 miuus
1225 916 1322 957 digno

759 962 931 1001 interprete
959 960 1222 1002 Vanderbourg:
1249 962 1324 992 l'in-

751 1014 827 1049 grat
836 1009 850 1037 !
862 1007 986 1037 ironice
1000 1006 1139 1048 quidem3
1158 1007 1175 1038 ἒι
1189 1009 1323 1039 Batteux

753 1053 863 1083 siletur
890 1053 1073 1094 epitheton,
1105 1052 1122 1083 ὲ
1146 1055 1323 1096 Martignac

752 1110 810 1141 per
824 1100 1048 1140 periphrasim,
1070 1098 1183 1141 parim
1197 1101 1321 1142 elegan-

754 1146 803 1176 ter
837 1145 877 1175 de
906 1156 1013 1184 more,
1023 1156 1110 1186 pour
1131 1155 1214 1176 vous
1228 1146 1322 1188 faire

756 1202 902 1233 enrager,
931 1191 1191 1223 circumducitur.
1208 1194 1323 1223 Totam

755 1238 838 1268 oden
852 1238 959 1268 omisit
971 1240 1112 1270 Renatus
1124 1239 1323 1280 BinetuQuid

754 1283 852 1314 inde?
865 1285 988 1314 Vocem
1009 1283 1072 1314 tam
1094 1283 1218 1315 diverse
1239 1283 1257 1314 a
1275 1291 1324 1316 tot

755 1329 855 1361 doctis
871 1330 1099 1371 interpretibus
1111 1330 1302 1361 intellectam
1314 1353 1323 1369 ,

754 1377 937 1415 intellectu,
956 1383 992 1407 ut
1005 1375 1100 1418 supra
1119 1376 1243 1407 dictum
1258 1383 1319 1415 est,

755 1422 974 1453 difficillimam
998 1433 1074 1454 esse.
1101 1423 1167 1454 Nos
1185 1422 1321 1453 fatemur

755 1479 883 1499 sensum
904 1467 922 1498 a
947 1470 1124 1510 Martignac
1146 1469 1323 1499 indicatum

754 1515 795 1545 ad
819 1515 983 1545 veritatem
1012 1515 1145 1556 propius
1173 1514 1322 1546 accedere

753 1560 865 1592 videri.
895 1562 1096 1602 Importunas
1118 1559 1223 1603 {gitiu-
1250 1568 1321 1600 est,

754 1615 865 1638 nostro
891 1607 999 1638 saltem
1015 1607 1154 1646 judicio,
1179 1607 1238 1638 tibi
1261 1618 1322 1638 me-

753 1653 814 1683 νίιὸ
843 1653 992 1695 infestus,
1014 1653 1124 1684 iratus.
1141 1670 1188 1678 ——-
1201 1652 1322 1684 Aridus

753 1710 912 1741 quercus:
929 1699 994 1738 jam
1015 1699 1139 1731 vetulas
1161 1709 1234 1730 cum
1256 1699 1320 1730 ari-

753 1746 802 1776 dis
823 1746 1010 1788 frondibus,
1029 1745 1148 1787 puellas
1170 1746 1247 1776 vero
1268 1752 1321 1776 -te-

753 1802 844 1822 ueras
867 1803 941 1823 cum
964 1793 1086 1823 virente
1105 1790 1222 1822 hedera
1238 1802 1321 1823 com-

752 1840 875 1879 paravit
896 1849 984 1880 supr.
1001 1837 1065 1870 Od.
1081 1839 1112 1876 1,
1129 1837 1183 1874 25,
1203 1849 1254 1877 ¹7·
1274 1855 1320 1862 —-

756 1884 878 1925 Capitis
894 1884 979 1914 nives
994 1895 1006 1914 .·
1022 1884 1085 1915 albi
1099 1883 1222 1925 capilli3
1238 1883 1320 1926 lianc

752 1931 968 1972 metaphoram
991 1931 1026 1960 in
1056 1930 1249 1967 oratoribus,
1283 1937 1320 1960 ut

752 1977 932 2016 duriorem,
953 1976 1098 2015 damnat,
1123 1977 1257 2017 poeticae
1276 1982 1319 2006 ta·-

752 2034 827 2054 men
850 2024 989 2054 audaciae
1021 2021 1171 2054 concedit
1192 2023 1320 2064 Quinti—

750 2070 855 2101 lianus
867 2071 965 2108 ,v111
977 2092 985 2107 ,
1005 2070 1037 2100 6.

799 2122 830 2153 4.
848 2117 922 2148 00ae
932 2126 1082 2157 purpurae
1095 2126 1106 2145 :
1121 2115 1198 2152 Cos,
1215 2113 1318 2145 insula

751 2163 845 2193 maris
866 2163 967 2204 AEgei,
983 2163 1019 2193 in
1036 2160 1099 2202 qua
1120 2160 1213 2191 multi
1227 2159 1319 2190 bom-

751 2209 868 2251 hyces,
899 2215 978 2241 teste
1011 2208 1133 2246 Plinio,
1165 2209 1230 2246 VI,
1266 2207 1319 2236 23.
