1422 2528
461 81 467 87 ψ
522 108 603 140 Lm.
626 109 658 139 V
681 109 772 141 ODE
795 109 890 141 XIV.

1254 104 1318 135 135

99 167 273 208 Candide
283 169 477 210 Maecenas
487 195 502 215 ‚
520 167 667 208 occidis
682 170 784 220 saepe
804 168 991 220 rogando.
1303 171 1317 197 5

312 231 440 277 Deus,
465 229 568 268 Deus
586 237 601 252 ²
617 231 708 267 nam
723 243 784 268 me
805 238 912 267 vetat

98 291 295 342 Inceptos,
315 288 409 329 olim
426 289 662 342 promissum
679 302 856 337 carmen,
873 289 1023 328 iambos

312 350 375 389 Ad
390 350 619 390 umbilicum
635 351 843 390 adducere.

98 412 188 467 an
203 410 316 450 aliter
326 412 457 452 Samio
475 412 610 450 dicunt
625 413 764 451 arsisse
780 410 958 463 Bathyllo

313 475 559 512 Anacreonta
574 474 714 512 Teium
730 471 764 522 ³,
1288 487 1319 502 ¹⁰

102 532 181 582 Qui
195 534 367 586 persaepe
385 536 480 572 cava
497 534 694 573 testudine
717 535 827 573 flevit
842 539 1026 572 Amorem
1039 563 1050 582 ‚

315 597 404 633 Non
424 595 667 634 elaboratum
689 595 739 634 ad
754 595 906 648 pedem.

101 654 236 694 Ureris
246 654 333 708 ipse
346 655 464 694 miser
483 657 510 694 4.
533 655 650 704 Qubd
667 657 795 695 sinon
814 655 1017 709 pulchrior
1034 653 1132 705 ignis

314 717 503 757 Accendit
523 718 720 758 obsessam
737 719 856 766 Ilion,

101 910 172 943 dire
185 910 347 943 Maecenas
368 919 522 946 meretur.
532 931 578 938 -—-
594 914 685 946 Occi-

102 959 153 990 dis
169 960 255 1001 sape
269 960 419 1002 rogando
429 971 442 991 .·
457 961 685 1003 frequentibus

100 1007 412 1048 interrogationibus
447 1019 559 1047 vexas3
600 1009 686 1040 nihil

101 1055 189 1085 enim
207 1061 255 1085 est
269 1054 360 1095 qnod
381 1056 501 1087 rationi
524 1056 684 1098 approba-

102 1107 172 1133 tum
191 1100 414 1143 respondeam.

151 1158 184 1180 2.
201 1149 308 1186 Deus,
327 1150 416 1180 Deus
437 1161 449 1180 .·
472 1151 577 1182 Amor
595 1151 683 1182 scili·

102 1195 174 1234 cet3
185 1205 253 1226 vox
263 1195 330 1235 illa,
343 1197 449 1235 Deus,
467 1207 508 1228 ex
521 1197 685 1230 industria

102 1243 251 1274 iteratur.
275 1261 323 1267 —-
347 1245 498 1287 Incepcos
535 1245 660 1277 iambos
673 1257 694 1290 .·,

103 1300 178 1329 quae
189 1289 288 1321 fuerit
308 1292 462 1330 postulati
478 1299 511 1320 et
533 1293 686 1331 promissi

103 1334 192 1366 illins
223 1336 375 1367 carminis
407 1337 556 1375 materia,
592 1338 686 1379 igno-

105 1389 206 1414 ratur.
229 1399 277 1407 --
299 1382 357 1414 Ad
370 1383 556 1414 umbilicum
584 1384 688 1426 adcly-

105 1439 202 1460 εει-ο.-
215 1428 328 1460 infima
347 1440 421 1471 pars
446 1430 629 1462 chartarum
651 1432 688 1462 in

107 1476 227 1518 quibus
265 1475 492 1517 scribebatur,
536 1478 689 1520 cylindro

108 1522 217 1566 ligneo
233 1531 355 1555 armata
374 1531 460 1563 erat,
481 1524 567 1556 circa
592 1536 690 1567 quem

111 1570 221 1601 charta
254 1571 459 1610 volvebatur,
473 1572 562 1603 unde
596 1573 692 1604 volu-

107 1618 206 1648 minis
248 1626 369 1650 nomen
418 1619 611 1661 accipiebat,
651 1630 691 1651 eo

108 1664 175 1696 fere
191 1664 291 1696 modo
301 1667 414 1708 quoin
427 1667 592 1698 servandis
606 1677 693 1709 map-

110 1713 160 1754 pis
169 1712 392 1755 geographicis
404 1714 546 1755 persaepe
556 1715 691 1747 utimur.

110 1761 162 1791 Ex
185 1758 325 1801 utrinque
346 1768 436 1802 parte
452 1761 596 1803 cylindri
615 1763 693 1793 emi-

110 1806 234 1838 nebant
257 1815 447 1838 ornamenta
473 1808 619 1849 quaedam
636 1815 692 1839 aut

110 1854 216 1896 lignea
249 1861 305 1885 aut
348 1855 512 1892 eburnea,
541 1856 692 1887 umbilici

109 1901 214 1932 nostri
243 1901 379 1933 formam
405 1902 595 1941 referentia,
620 1914 692 1944 quae

111 1947 243 1990 quidem
268 1959 338 1980 non
355 1950 418 1980 nisi
442 1949 528 1980 libro
542 1949 692 1981 absoluto

77 2035 86 2040 -
111 1995 153 2026 ad
201 1995 391 2038 cylindrum
434 1996 692 2039 applicabantur.

111 2041 207 2074 Unde
226 2042 349 2075 librum
370 2043 418 2074 ad
434 2043 616 2075 umbilicum
631 2044 692 2075 ad-

111 2088 230 2121 ducere
255 2089 341 2121 nihil
359 2090 447 2121 aliud
468 2098 516 2122 est
533 2091 630 2132 quain
655 2091 693 2122 il-

111 2135 181 2167 lum
207 2134 322 2175 finire,
340 2144 373 2168 et
398 2139 462 2175 sic,
482 2149 539 2180 per
559 2138 693 2169 transla-

113 2184 253 2222 tionem,
269 2183 309 2215 de
336 2185 485 2226 quolibet
508 2185 572 2216 alio
594 2196 693 2228 opere

111 2238 345 2264 consummato.
361 2231 430 2263 Ohe
440 2232 511 2275 jizm
528 2231 608 2264 satis
623 2239 691 2271 esc,

739 914 820 952 ohe,
858 913 994 946 libelle!
1019 911 1096 944 lem
1120 910 1322 954 pervenimus

739 973 840 1004 usque
868 961 917 992 ad
941 960 1149 996 umbilicum;
1176 959 1318 990 Martial.

738 1011 799 1048 IV,
820 1020 877 1051 91,
909 1020 937 1040 1.
953 1009 1024 1038 Nec
1041 1005 1199 1038 umbilicis
1218 1007 1323 1037 cultus

738 1065 837 1100 atque
874 1052 1079 1092 membrana,
1113 1054 1163 1086 ld.
1190 1055 1225 1093 1,
1256 1054 1323 1093 67,

741 1115 797 1136 11.

788 1152 820 1183 3.
835 1151 914 1182 Non
943 1149 1042 1182 aliter
1064 1148 1178 1180 Samio
1211 1147 1324 1179 dicunt

738 1198 855 1230 arsisse
901 1197 1055 1238 Bathyllo
1106 1199 1324 1228 Anacreonta

743 1245 876 1278 Teium:
903 1253 942 1276 nt
967 1244 984 1276 ὲ
1010 1244 1209 1275 carminibus
1232 1244 1323 1274 seriis

740 1304 799 1332 per
823 1292 967 1330 Bathylli
982 1301 1126 1319 amorem
1148 1294 1324 1318 Anacreon

742 1342 896 1368 avocatus
936 1342 999 1374 est,
1031 1336 1078 1366 sic
1108 1341 1140 1364 et
1166 1345 1241 1376 ego,
1270 1335 1323 1364 cni

742 1383 874 1425 Phryne
892 1393 961 1413 non
990 1380 1099 1413 minus
1127 1381 1244 1412 dilecta
1278 1388 1326 1412 est

742 1429 843 1472 quam
861 1429 924 1460 fuit
948 1429 1027 1460 olim
1051 1430 1132 1460 Teio
1155 1430 1221 1459 vati
1240 1439 1323 1471 puer

742 1478 797 1508 ille
817 1478 833 1508 ὲ
862 1477 957 1508 Samo
973 1475 1146 1507 oriundus.
1162 1493 1210 1500 ——-
1222 1476 1327 1507 Flevit

744 1535 889 1556 amorem
906 1535 917 1554 :
935 1524 1096 1566 ingemuit
1110 1534 1142 1554 se
1161 1522 1325 1565 Polycrati

744 1572 926 1603 Samiorum
954 1578 1096 1613 tyranno
1128 1570 1326 1612 posthaberi.

744 1621 878 1650 ——Non
897 1618 1100 1650 elaboratum
1116 1618 1164 1648 ad
1174 1618 1296 1660 pedem
1316 1629 1327 1648 :

746 1666 894 1697 versibus
932 1665 1150 1703 facilioribus,
1185 1676 1326 1707 quorum

745 1713 940 1756 negligentia
956 1720 1085 1755 poetam
1103 1712 1226 1744 infelici
1242 1723 1328 1744 amo-

745 1772 780 1792 re
796 1761 981 1791 districtum
996 1759 1161 1802 arguebat.

794 1813 827 1845 4.
849 1807 955 1838 Ureris
972 1807 1039 1848 ipse
1056 1806 1154 1837 miser
1166 1818 1176 1836 :
1191 1813 1228 1837 tu
1247 1817 1325 1848 quo-

745 1866 825 1897 qne,
858 1856 1037 1892 Maecenas,
1073 1855 1135 1884 scis
1177 1854 1258 1895 quid
1284 1855 1326 1884 sit

746 1913 854 1941 amor3
876 1902 958 1932 mihi
982 1902 1083 1943 igitur
1101 1901 1194 1932 facile
1217 1903 1325 1944 ignos-

747 1961 812 1982 ces.
840 1967 889 1975 --
911 1949 1008 1990 Quod
1026 1948 1055 1979 si
1076 1959 1142 1979 non
1159 1947 1327 1990 pulchrior

747 1996 832 2040 ignis
849 1995 1010 2027 Accendit
1034 1995 1193 2026 obsessam
1215 1995 1300 2026 Ilion
1313 2007 1325 2025 .-

746 2046 775 2075 si
801 2044 910 2085 puella
938 2053 1036 2084 quam
1066 2042 1192 2085 deperis
1222 2042 1326 2073 foi-mii

747 2092 894 2123 Helenen
910 2097 1035 2133 aequat;
1057 2090 1180 2121 Helene
1204 2090 1324 2121 dicitur

747 2138 832 2181 ignis
862 2149 929 2180 qno
963 2138 1061 2177 Troja
1097 2148 1236 2168 accensa
1267 2143 1323 2167 est.

750 2187 780 2217 T
777 2185 858 2228 rojae
867 2193 899 2216 et
903 2183 1023 2226 patria·
1031 2183 1211 2215 communis
1219 2185 1250 2214 E
1252 2194 1326 2223 ryn-

749 2243 822 2274 nys,
849 2233 943 2275 Virg.
963 2232 1091 2265 AEneid.
1110 2233 1162 2270 II,
1178 2231 1256 2271 573.
1281 2247 1326 2254 --
