1422 2528
583 134 664 166 Lm.
687 134 720 166 V
745 133 833 165 ODE
858 133 885 164 1.

1300 136 1341 166 31

235 196 352 245 Quod
371 205 437 234 aut
455 207 615 242 avarus,
632 203 674 253 ut
687 193 888 241 Chremes,
906 195 1010 232 terra
1025 206 1217 245 premam5

341 257 561 297 Discinctus
577 263 644 297 aut
657 254 819 307 perdam
835 263 879 292 ut
897 268 1030 307 nepos.

130 416 194 442 etc.
211 418 220 440 :
247 419 315 439 non
330 408 367 439 in
385 407 465 438 meis
477 407 562 438 votis
579 413 628 438 est
644 407 706 438 im-

130 466 256 488 mensas
267 465 454 487 coacervare
477 453 619 492 divitias,
633 464 708 496 quae

130 502 347 546 possidentem
374 494 473 545 vufgo
495 508 552 532 aut
578 501 618 532 ad
636 509 706 533 tnr-

131 561 206 593 pem
226 551 406 588 avaritiam,
427 556 483 580 aut
506 548 546 579 ad
579 548 709 580 demen-

132 605 196 629 tem
210 596 446 639 prodigentiam
458 596 642 639 impellunt.
660 614 709 620 —

134 643 284 677 Chremes
307 655 318 675 .·
346 654 482 686 persona
512 654 625 686 graecae
657 654 711 675 co-

131 691 259 723 moediae
283 691 467 731 cujusdam,
484 690 502 721 31
527 691 711 722 Menandro

131 739 344 781 δοκίμω,οηί
363 739 492 776 titulus,
510 737 689 769 Thesaurus
695 750 710 776 ;

132 787 169 818 in
188 785 253 828 qui
277 786 430 818 Chremes
447 796 563 816 aurum
581 786 617 816 iu
639 796 694 817 mo

133 839 292 865 numento
307 832 465 864 defodisse
480 831 627 875 fingitur.
643 833 710 864 No-

133 891 209 911 men
225 880 318 911 istius
332 879 528 918 Chremetis,
547 886 603 918 ut,
625 879 711 921 apud

134 937 194 959 nos
203 950 213 965 ,
228 938 348 959 nomen
357 928 579 970 Harpagonis„
592 928 627 957 in
637 938 710 969 pro·

135 975 284 1006 ven-bium
295 982 328 1006 et
345 985 552 1006 communem
568 974 711 1006 fabulam

136 1022 312 1054 transierat.
333 1039 380 1046 ——
399 1021 583 1053 Discinctus
602 1030 638 1052 uc
651 1033 710 1053 ne—

130 1079 192 1111 pos
204 1080 216 1100 :
233 1070 270 1101 in
283 1069 368 1102 hane
381 1065 511 1109 vocem,
537 1080 648 1112 nepos,
662 1080 716 1101 au-

761 405 900 439 diendus
921 413 970 438 est
991 408 1103 439 Festus
1122 417 1131 438 ε
1150 406 1345 441 Luxuriosae

761 454 844 486 vitoe
858 453 1007 485 homines
1017 462 1153 497 nepotes
1167 455 1344 497 appellan-

761 509 823 539 tur,
843 501 935 543 quod
948 512 1012 532 non
1032 501 1140 545 magis
1155 502 1203 533 his
1215 502 1264 533 rei
1276 513 1344 535 511oe

751 548 937 592 familiaris
950 560 1029 580 cura
1043 557 1100 587 ese,
1111 550 1210 592 quizm
1225 549 1264 581 iis
1276 550 1347 592 qui-

763 597 821 628 bus
844 604 942 638 pater
971 608 1112 639 avusque
1147 597 1275 630 vivunt.
1298 615 1346 622 —-

765 643 950 675 Discinctus
966 655 978 675 .·
1004 644 1131 684 soluti,
1158 644 1232 676 13Χᾶ
1256 652 1345 676 veste

766 693 979 733 conspicuus,
1005 699 1043 722 ut
1066 692 1215 724 solebant
1233 695 1346 724 Romae

765 739 942 770 effeminati
969 738 1170 778 nebulones,
1198 747 1230 770 et
1248 751 1346 781 quos-

763 797 904 828 cumque
921 785 1043 818 deliciis
1056 794 1087 818 et
1100 787 1185 820 luxu
1197 786 1346 818 diffluere

765 844 798 863 se
823 832 930 875 palzhm
955 833 1047 864 fateri
1081 845 1149 865 non
1190 834 1345 877 pudebat.

765 880 868 918 Hinc,
883 891 942 922 per
966 881 1221 922 pulcherrimam
1244 889 1346 913 meto-

764 929 908 970 nymiam
933 927 1102 970 epitheton
1116 929 1199 960 illud
1216 928 1256 959 ad
1279 929 1347 961 otia

767 975 932 1006 transtulit
954 975 1110 1014 Ovidius,
1126 978 1242 1008 Amor.
1258 978 1274 1008 1
1285 1000 1295 1016 ,
1312 988 1347 1019 9,

769 1028 811 1060 41
829 1031 838 1053 ε
857 1024 932 1064 Ipse
950 1034 1011 1066 ego
1029 1023 1139 1067 segnis
1160 1035 1269 1064 eram,
1287 1025 1351 1056 dis-

773 1069 947 1112 cinctaque
965 1070 1000 1103 in
1023 1071 1091 1102 otia
1111 1079 1218 1105 natus.
