1422 2528
69 2226 82 2234 ‚
107 2203 248 2228 sectatur
270 2207 283 2227 .-

517 87 597 118 ΜΒ.
621 87 636 118 1
660 87 822 121 sAnRA
839 66 883 122 11'.

1248 91 1309 132 187

97 143 217 184 Dives
234 147 356 196 agris,
374 146 482 185 dives
499 146 636 198 positis
650 147 691 185 in
710 148 847 187 fenore*
857 150 1041 190 nummis.

101 205 248 254 Quinas
262 206 327 245 hic
343 207 462 258 capiti
480 207 677 246 mercedes
694 218 869 256 exsecat,
888 219 1004 262 atque

101 265 257 313 Quanto
274 267 464 319 perditior
478 269 645 319 quisque
663 277 740 317 est,
762 268 868 308 tanto
890 271 1016 309 acrius
1037 281 1168 323 urget3
1281 281 1312 307 1⁵

99 326 266 366 Nomina
285 336 466 376 sectatur,
486 327 604 367 modo
620 330 774 380 sumpta
790 339 897 369 veste
913 331 1038 379 virili,

97 386 178 426 Sub
198 387 376 439 patribus
392 389 520 439 duris,
543 389 729 429 tironum.
753 391 944 439 Maxime,
965 392 1052 442 quis
1067 405 1145 430 non
1158 422 1169 443 ‚

99 447 264 499 Jupiter,
277 448 487 497 exclamat,
501 450 614 489 simul
634 459 750 502 atque
771 451 946 490 audivit?
964 474 1017 481 —
1035 455 1086 490 At
1106 453 1146 490 in
1166 465 1207 491 se

99 510 175 547 Pro
194 518 344 561 quaestu
360 519 556 563 sumptum
573 511 666 550 facit
683 511 885 551 ⁵?—Hi03’
899 513 974 551 Vix
991 514 1149 552 credere
1165 515 1288 565 possis

103 573 230 618 Quam
249 571 324 610 sibi
339 585 419 610 non
434 572 482 610 sit
497 573 664 622 amicus;
681 574 735 612 ita
754 583 798 612 ut
810 583 920 625 pater
938 575 1022 626 ine,
1040 575 1198 615 Terenti
1282 594 1315 612 ,ο

102 630 249 670 Fabula
262 645 378 683 quem
397 633 583 672 miserum
601 642 694 672 nato
714 627 1005 686 vixissefugato

101 693 274 738 Inducit‚
289 707 368 733 non
387 708 428 733 se
445 695 555 747 pejus
576 695 814 734 cruciaverit
835 705 951 748 atque
975 697 1052 735 hic.

153 755 195 794 Si
210 755 296 807 quis
311 757 415 794 nunc
433 764 599 807 quaerat,
622 770 700 808 qno
718 769 780 794 res
797 755 879 796 haec
903 758 1099 809 pertinet?
1123 759 1238 806 Illt=03

98 818 202 854 Dum
222 815 343 855 vitant
359 816 467 856 stulti
482 817 575 856 vitia
587 846 597 866 ,
619 818 659 856 in
675 818 874 857 contraria
892 828 1089 878 currunt2

105 1065 267 1097 mercedes
293 1072 430 1097 exsecat
459 1076 469 1095 :
502 1072 600 1107 caput
636 1072 683 1096 est

103 1123 172 1144 sors
194 1114 283 1155 ipsa,
308 1113 376 1143 sive
393 1123 517 1143 summa
536 1113 683 1154 pecuniae

103 1159 304 1192 commodata
323 1157 455 1203 (gallice
475 1160 506 1191 le
525 1158 680 1201 capital).

103 1208 228 1254 Merqes
253 1213 302 1239 est
316 1208 412 1238 sortis
437 1206 562 1237 fructus
583 1204 683 1248 (l’in-

103 1251 216 1296 te'rde‘).
233 1254 335 1287 Porro
350 1252 426 1285 cnm
445 1254 480 1284 in
497 1264 586 1284 more
601 1261 683 1284 esset

101 1298 191 1344 apud
199 1303 382 1340 Romanos,
395 1307 591 1332 menstruam
603 1311 684 1331 mer-

103 1347 215 1382 eedun
238 1359 307 1380 uno
329 1358 460 1390 quoque
479 1358 590 1378 mense
609 1357 682 1389 per-

104 1395 188 1437 cipi,
204 1402 236 1427 et
249 1405 348 1426 usura
358 1395 546 1425 auctoritate
560 1394 682 1436 legum,

103 1443 144 1474 ad
155 1443 362 1474 centesimam
375 1442 471 1472 sortis
485 1448 610 1483 partem
632 1441 684 1471 de-

102 1488 196 1522 finita
208 1496 310 1538 epact,
335 1489 395 1531 qui
417 1495 567 1527 eentum,
594 1499 626 1520 v.
649 1499 681 1529 g.

102 1534 256 1569 nummos
272 1537 406 1567 ineunte
428 1545 537 1566 mense
555 1545 684 1576 accepe-

103 1591 164 1623 rat,
173 1583 225 1615 die
236 1585 308 1625 ipso
318 1582 530 1616 Calendarum
539 1583 683 1624 proximi

103 1632 236 1670 mensis,
247 1641 350 1662 unum
359 1640 532 1661 nummum
544 1629 682 1660 reddere

67 1704 69 1707 ,
103 1677 256 1710 creditori
271 1677 458 1720 cogebatur.
487 1674 612 1708 Verum
637 1676 681 1706 fe-

102 1733 231 1758 nerator
239 1726 299 1756 iste
309 1735 378 1756 non
388 1734 492 1754 uuum
501 1746 510 1762 ‚
525 1722 581 1768 sed
589 1724 683 1764 quiu-

102 1783 166 1815 que
180 1782 333 1804 nummos
355 1770 374 1802 a
392 1769 596 1811 debitoribus
612 1770 681 1800 exi-

102 1819 216 1863 gebat,
243 1820 302 1862 qui
319 1817 452 1859 quidem
470 1816 566 1848 extra
580 1817 684 1859 perci-

102 1867 276 1909 piebantur
286 1866 300 1907 (
310 1862 453 1897 Γὶιιιένέι
464 1875 505 1894 en
524 1863 639 1895 dehors
648 1862 661 1906 )
670 1886 680 1900 ‚

46 1921 50 1925 ⁴
104 1912 148 1945 ira
157 1921 201 1959 pt
215 1924 284 1945 non
301 1910 414 1944 reveni
436 1918 569 1942 centum
593 1921 685 1942 num-

105 1971 187 1999 120⁵,
195 1960 254 1992 sed
265 1958 492 1992 tantummodo
507 1959 684 2000 nonaginta

107 2015 140 2040 et
164 2009 310 2050 quinque
337 2005 574 2044 commodaret,
611 2015 684 2047 quae

107 2056 156 2087 vis
173 2062 221 2087 est
232 2055 326 2086 istius
344 2054 453 2091 vocis,
479 2059 623 2084 exsecat.
637 2069 684 2075 —-

111 2102 215 2137 Tanto
233 2101 339 2134 acrias
360 2107 453 2143 urget
471 2111 482 2130 :
502 2099 593 2130 tanto
614 2110 685 2142 gra-

110 2149 198 2180 viore
219 2147 318 2180 ‘usur-2¹⁴1
335 2154 458 2180 onerat.
470 2164 519 2170 --
538 2146 686 2178 Nomina

310 2194 439 2228 curiose
466 2194 605 2237 inquirit
628 2193 685 2225 nbi

736 1066 875 1107 reperiat
889 1051 1156 1097 ‘adolescentulos
1168 1089 1177 1105 ,
1197 1067 1274 1107 qui,
1298 1067 1315 1097 e

735 1112 846 1145 severa
873 1114 972 1155 patris
993 1112 1092 1144 tutelei
1118 1115 1174 1143 vix
1199 1112 1312 1151 liberi,

734 1159 883 1192 libertate
924 1161 1070 1191 recenter
1098 1159 1191 1202 parta
1224 1160 1315 1191 abuti

735 1213 924 1251 properant.

785 1255 815 1284 5.
832 1255 878 1284 Ac
895 1253 931 1284 in
943 1264 976 1285 se
993 1255 1057 1284 Pro
1071 1261 1194 1295 quoescu
1210 1265 1318 1296 sump-

738 1299 903 1343 eumfacit
915 1305 932 1332 ,ι’
954 1300 1096 1339 objectio
1114 1308 1161 1334 est
1182 1301 1318 1340 alicujus

738 1346 953 1379 feneratorem
988 1349 1182 1379 excusantis
1209 1349 1319 1379 Homo

737 1394 811 1434 ille,
841 1396 868 1426 si
899 1394 1000 1425 multa
1031 1394 1189 1434 lucratur,
1218 1395 1318 1426 multa

737 1452 868 1483 quoque
898 1441 933 1472 in
961 1452 1010 1478 se,
1041 1441 1075 1473 h.
1103 1453 1130 1473 e.
1154 1442 1190 1472 in
1222 1451 1319 1473 snum

738 1492 834 1519 usum
848 1488 1030 1530 impendit?
1047 1506 1095 1512 —-
1117 1487 1178 1519 Hic
1189 1492 1206 1520 ,³
1221 1490 1320 1520 Hora-

739 1536 776 1566 tii
793 1542 841 1566 est
859 1536 1038 1577 responsio.
1056 1553 1102 1567 —-,
1130 1535 1236 1577 ριιὰιη
1259 1535 1322 1566 sibi

737 1593 802 1613 non
823 1582 865 1613 sic
882 1582 1007 1613 amicus
1028 1593 1039 1613 :
1061 1582 1160 1624 quam
1181 1583 1246 1614 sibi
1261 1582 1319 1614 du·

736 1640 808 1666 rus,
829 1629 928 1671 quam
942 1630 977 1660 in
989 1631 1131 1671 seipsum
1145 1639 1320 1662 avarus.—

739 1673 876 1709 Terent?
878 1676 1003 1707 Fabula
1012 1688 1023 1707 :
1036 1676 1194 1708 comoedia
1203 1679 1321 1709 Teren·

737 1724 774 1753 tii
785 1724 967 1762 notissima,
984 1724 1141 1764 inscripta
1152 1725 1319 1756 Heauton·

737 1769 1005 1810 tirnorownen055
1018 1769 1036 1800 εὶ
1049 1769 1184 1802 vocibus
1195 1772 1318 1814 graecis,

738 1808 857 1848 Ἑαυτον
873 1815 1114 1862 τιμωρούμενος,
1130 1828 1199 1849 sese
1214 1817 1319 1859 ipsum

739 1864 898 1896 crucians.
922 1866 971 1895 De
990 1864 1185 1896 Menedemo
1199 1867 1317 1907 agitur,

739 1913 796 1952 qui
823 1911 932 1954 fugam
955 1910 1016 1942 filii
1038 1913 1088 1942 sui
1119 1912 1233 1943 Cliniae
1255 1913 1317 1943 sibi

739 1957 916 1990 crudeliter
951 1959 1167 2000 exprobrem,
1210 1960 1319 1990 omnia

738 2005 799 2036 sibi
817 2005 953 2048 denegat
973 2012 1005 2036 et
1024 2006 1202 2038 miserrime
1226 2007 1317 2037 vivit.

737 2069 785 2077 —-
804 2053 890 2083 chm
915 2051 1030 2083 vitant
1052 2052 1142 2084 stulti
1158 2052 1263 2091 vitia,
1285 2053 1318 2083 in

738 2099 905 2130 contraria
923 2107 1054 2131 currunt
1066 2111 1079 2130 .-
1097 2099 1240 2131 eamdem
1250 2109 1319 2132 seu-

740 2147 873 2178 tentiam
898 2146 967 2178 aliis
995 2147 1101 2178 verbis
1136 2157 1320 2188 expressam

740 2194 776 2225 in
791 2195 911 2228 Nostro
927 2194 1091 2226 multoties
1104 2194 1246 2236 reperire
1261 2200 1318 2224 est.
