1422 2528
514 127 593 160 Lm.
618 126 635 156 1
659 124 821 160 SATIRA
845 127 910 158 X.·

1254 126 1322 165 275

97 186 260 240 Virgilio
274 193 495 225 annuerunt
509 183 720 236 gaudentes
735 198 827 223 rure
844 187 1035 224 Camoenae
1052 192 1096 221 ²².
1130 226 1140 234 ,
1289 193 1322 222 45

98 252 183 288 Hoc
202 256 286 287 erat
296 247 346 298 ²3,
365 255 528 299 experto
550 247 701 286 frustra>
713 250 892 286 Varrone
913 247 1077 287 Atacino

97 315 228 362 Atque
243 309 476 362 quibusdam
495 309 599 357 aliis,
619 309 760 349 melius
782 309 891 361 quod
906 308 1080 349 scribere
1095 321 1267 360 possem,

98 375 307 412 Inventore
330 371 479 420 minor;
499 384 624 422 neque
642 383 715 422 ego
735 371 791 409 illi
810 370 1019 409 detrahere
1037 371 1161 409 ausim

101 437 323 474 Haerentem
342 432 461 484 capiti
476 445 564 471 cum
581 432 704 471 multa
720 432 836 471 laude
856 445 1053 471 coronam.

153 501 204 536 At
220 497 302 536 dixi
321 497 443 542 fluere
456 495 562 535 hunc
579 495 814 534 lutulentum
826 495 878 544 ²4,
898 496 1001 546 saepe
1019 494 1208 532 ferentem
1292 502 1324 526 ⁵0

99 682 175 702 nem
190 673 256 702 Per
273 670 390 702 varios
418 681 530 707 casus,
553 682 616 714 per
637 678 685 702 tot

101 718 295 750 discrimina
327 729 434 750 rerum
465 719 559 761 quasi
584 729 683 750 manu

99 765 212 797 revera
225 767 343 798 ducere
358 766 500 798 videtur.
510 768 574 805 Hic
588 768 683 798 locus

100 813 226 845 diverse
248 816 285 845 in
312 814 482 845 nonnullis
512 814 682 845 codicibus

99 861 238 903 legitur:
259 862 354 892 Forte*
372 873 449 903 epos
468 873 556 900 acer,
575 869 609 892 uc
625 873 680 892 ne-

102 919 174 946 mo,
195 908 323 941 Varius.
342 909 405 941 Hic
428 909 606 940 clausulam
620 921 682 951 po-

101 963 205 994 nunt,
235 956 374 988 verbum
400 957 535 998 aliquod
561 957 682 988 subau-

102 1003 247 1043 dientes,
285 1004 414 1043 scribit,
459 1004 592 1042 condit,
628 1011 684 1035 aut

102 1049 191 1082 aliud
200 1050 282 1093 quid
291 1051 407 1084 simile:
417 1051 544 1084 Deinde
562 1053 679 1094 legunt

102 1099 199 1130 ductu
215 1099 314 1131 molle
324 1111 338 1136 ,-
361 1107 392 1131 et
411 1107 459 1130 est
477 1100 684 1141 metaphora,

102 1145 259 1187 inquiunt
277 1148 470 1189 interpretes
481 1170 490 1185 ,
509 1147 527 1178 ἐι
542 1146 617 1178 lana
633 1147 686 1178 de-

102 1193 204 1224 rivata
215 1215 224 1232 ‚
251 1204 325 1236 quae
337 1218 348 1232 ,
370 1194 513 1226 molliter·
531 1202 684 1233 tractata„

101 1241 138 1274 in
158 1239 214 1272 fila
236 1241 373 1274 ducitur.
403 1244 550 1275 Priorem
572 1243 684 1274 lectio-

103 1298 180 1320 nem
197 1299 266 1321 esse
290 1289 494 1321 retinendam
512 1291 616 1330 major
633 1301 686 1321 co-

104 1334 216 1366 dicum
242 1342 276 1369 et
302 1347 377 1369 mss.
402 1348 560 1368 numerus
586 1336 687 1368 fidem

104 1382 194 1415 facit.

155 1441 211 1462 22.
226 1430 328 1462 Molle
343 1439 443 1473 atque
449 1431 602 1475 fizcetum
617 1434 645 1462 V
647 1432 687 1462 ir-

103 1478 186 1522 gilio
205 1486 396 1510 annuerunt
410 1480 595 1521 gaudentes
614 1490 687 1510 rure

110 1525 278 1558 Camoenoe
303 1537 315 1557 .·
339 1527 438 1557 molle
465 1535 564 1569 atque
585 1527 688 1570 sace-

105 1581 173 1605 tum
183 1585 197 1612 ;
219 1574 377 1612 subaudi,
394 1573 556 1605 scribendi
572 1586 687 1617 genus.

107 1621 220 1658 Molle,
237 1623 395 1653 sermonis
410 1623 506 1663 puri,
520 1623 689 1663 tenerique

106 1667 206 1701 simixl
224 1676 257 1700 et
272 1670 435 1711 castigati,
458 1677 489 1700 et
508 1669 549 1700 ad
573 1670 687 1700 molles

107 1715 247 1748 affectus
260 1716 452 1748 excitandos
467 1717 592 1755 idonei,
607 1718 687 1748 ima-

107 1764 215 1805 ginem
224 1771 444 1805 repraesentat:
457 1775 530 1806 quae
539 1764 607 1795 laus
617 1765 688 1795 uni-

60 1826 69 1831 -
108 1821 202 1842 verso
237 1812 468 1843 Bucolicorum
511 1813 687 1854 Georgico-

107 1868 246 1900 rnmque
259 1860 364 1901 stylo,
388 1858 446 1890 sed
461 1860 620 1901 imprimis
636 1858 685 1890 di-

106 1906 186 1938 vino
203 1907 328 1948 prim,
339 1906 502 1945 secundae‚
517 1907 639 1948 quintae
655 1913 688 1938 et

107 1951 243 1986 decimae
255 1954 383 1996 Eclogae
398 1954 578 1993 conditori,
596 1954 686 1985 dein-

105 2000 146 2032 de
160 2000 323 2033 laudatori
347 2003 424 2032 vitae
449 2003 594 2040 rusticae,
614 2013 687 2043 pes-

105 2049 147 2078 tis
188 2049 402 2092 animantium
439 2049 687 2092 Eurydicesque

107 2094 173 2127 vati
186 2097 330 2138 apprime
346 2098 512 2129 convenit.
525 2099 618 2128 Hanc
633 2107 688 2128 vo-

108 2153 177 2173 cem
184 2143 336 2186 facetum
354 2144 498 2186 explicat
515 2144 688 2186 Quintilia-

107 2200 189 2229 nus,
209 2192 276 2230 VI,
295 2193 332 2231 3,
351 2198 371 2230 4
389 2202 398 2224 :
416 2206 432 2218 «
447 2194 603 2223 Facetum
618 2203 687 2223 non

109 2251 124 2262 n
137 2236 273 2270 tantum
289 2239 376 2271 circa
403 2239 541 2271 ridicula
570 2241 691 2281 opinor

73 2296 76 2297 ⁷
111 2299 125 2309 »
136 2287 322 2318 consistere.
339 2289 454 2330 Neque
467 2288 554 2320 enim
570 2287 692 2319 diceret

739 686 755 698 >³
767 670 927 702 Horatius
939 668 1092 712 facetum
1109 669 1260 700 carminis
1273 678 1326 710 ge-

738 734 754 746 »
767 729 830 749 nus
843 715 962 749 natura
973 727 1164 749 concessum
1178 726 1246 747 esse
1255 717 1327 747 Vir-

738 781 756 794 2>
765 766 853 808 gilio.
884 766 1021 796 Decoris
1048 765 1132 796 hanc
1160 764 1262 806 magis
1293 770 1326 794 et

737 829 753 841 »
764 813 906 845 excultae
917 812 1085 853 cujusdam
1095 812 1263 854 elegantiae
1271 821 1326 852 ap-

737 861 973 903 »pellationem
984 867 1097 902 puto.»
1111 861 1325 896 Annum-unc,-

738 908 883 941 secunda
894 915 926 939 et
934 909 1028 939 tertia
1038 907 1162 949 syllaba
1175 908 1212 938 in
1225 916 1327 937 unam

738 957 924 988 coalescunt
932 979 940 994 ‚
953 955 994 987 ad
1003 965 1190 986 mensuram
1200 952 1324 992 versus,

738 1015 811 1046 quae
827 1015 886 1046 per
902 1003 1162 1045 diphtongorum
1176 1001 1324 1044 regulam

739 1051 980 1094 producuntur.
1011 1051 1078 1082 Alii
1104 1049 1222 1080 volunt
1249 1058 1326 1091 pen-

739 1100 888 1130 ultimam
902 1097 1034 1129 licentia
1047 1097 1175 1139 poetica
1190 1097 1324 1138 corripi.

743 1147 935 1178 Gaudentes
946 1157 1019 1176 rure
1031 1145 1214 1182 Camoenoe;
1224 1154 1326 1175 mnsae

740 1201 878 1237 agrestes
888 1217 897 1233 ‚
909 1204 982 1235 quae
993 1193 1070 1224 solae
1082 1191 1240 1223 hactenus
1254 1192 1326 1223 Vir-

741 1243 820 1284 gilio
851 1241 1008 1272 faverant.
1034 1238 1194 1272 Nondum
1216 1240 1328 1271 AEneis

740 1289 917 1332 prodierat.

791 1338 846 1368 23.
873 1338 946 1367 Hoc
968 1343 1040 1366 erat
1063 1346 1075 1365 :
1100 1333 1180 1372 hoc,
1200 1333 1235 1365 id
1259 1341 1324 1373 est,

741 1386 907 1416 satiricum
932 1393 1064 1414 carmen
1087 1393 1191 1414 unum
1217 1392 1328 1424 super-

741 1439 811 1463 erat
830 1431 921 1473 quod
945 1431 1086 1462 scrihere
1104 1440 1233 1471 possem
1258 1440 1326 1460 me-

741 1477 960 1518 lifisssacilihs,
980 1476 1196 1509 commodius.
1213 1478 1326 1508 Ratio-

743 1538 819 1558 nem
844 1526 932 1557 illici>
954 1525 1046 1556 addit
1063 1535 1071 1557 :
1087 1525 1184 1556 multi
1201 1531 1325 1566 poetae,

742 1575 828 1605 inter
843 1584 927 1616 qnos
945 1576 1130 1605 Varronem
1150 1571 1326 1613 quemdam

743 1623 910 1660 nominat,
939 1620 980 1652 ad
1002 1621 1107 1651 satirae
1131 1630 1234 1663 genus
1257 1630 1326 1651 sese

741 1668 862 1700 frustra
877 1670 1088 1699 accinxerant
1098 1691 1107 1706 ,
1126 1678 1210 1709 quos
1223 1666 1326 1709 igitur

741 1718 871 1748 vincere
881 1727 950 1748 uon
957 1723 1026 1747 erat
1033 1715 1186 1747 arduum.
1194 1715 1327 1746 —Aea-

740 1763 812 1794 cino
822 1775 834 1795 .·
844 1764 861 1794 ὲ
875 1763 981 1795 Gallia
994 1762 1203 1796 Narbonensi
1215 1763 1328 1794 oriun-

741 1811 795 1850 do,
807 1822 906 1853 quam
917 1811 1020 1842 abluit
1030 1811 1152 1841 fluvius
1162 1811 1261 1848 Atax,
1268 1809 1326 1841 ho·

741 1859 793 1890 die
810 1859 945 1890 I’Aude.
954 1860 1183 1889 —Invemore
1197 1857 1325 1889 minor:

739 1907 865 1938 Lucilio
873 1907 995 1937 scilicet
1005 1907 1075 1948 qui,
1083 1906 1162 1937 licet
1170 1906 1206 1936 in
1214 1905 1328 1936 multis

740 1955 899 1992 vitiosus,
919 1952 1068 1985 nondum
1092 1953 1134 1985 ab
1152 1953 1326 1984 imitatori-

740 2002 804 2033 bus
827 2003 895 2033 suis
921 2008 1092 2044 superatus
1114 2001 1234 2033 fuerat.
1253 2002 1328 2032 Sese

742 2050 849 2080 antem
870 2051 1034 2080 minorem
1055 2049 1184 2080 Lucilio
1207 2049 1328 2080 Noster

741 2097 887 2128 modeste
899 2097 1031 2139 quidem
1040 2120 1048 2135 ‚
1060 2096 1117 2127 sed
1132 2095 1241 2127 tamen
1250 2095 1328 2126 vere

742 2143 939 2187 profitetur3
976 2144 1054 2176 nam
1092 2145 1129 2175 in
1172 2142 1328 2175 omnibus

743 2194 885 2224 maxima
899 2193 971 2224 laus
984 2192 1025 2224 ad
1039 2193 1246 2224 inventorem
1256 2199 1329 2232 per-

745 2242 839 2272 tinet.
1369 2268 1372 2269 ⁷

796 2294 851 2324 24.
870 2289 918 2319 At
937 2287 1129 2332 dixifluere
1145 2285 1232 2318 hunc
1251 2284 1332 2316 lucu·
