1422 2528
491 120 570 152 Lm.
594 120 644 151 Ν
666 110 756 152 omi
779 121 856 152 χιι.
1243 122 1288 163 59

63 212 70 222 ,
113 208 118 212 -
175 181 262 218 Ιὶιηι
280 191 352 216 nec
370 185 482 229 prata
500 178 647 228 rigent,
668 191 740 215 nec
756 177 865 216 fluvii
882 186 1058 230 strepunt

390 238 575 290 Hyberm't
591 238 680 276 nive
701 238 860 290 turgidi.

176 301 322 340 Nidum
342 301 473 352 ponit,
494 302 582 350 Ityn
599 299 781 338 flebiliter
797 292 966 351 gemens,
1269 310 1283 336 5

178 362 317 400 Infelix
335 361 415 400 avis
435 369 449 384 ²
461 391 472 409 ‚
493 370 532 399 et
546 362 743 412 Cecropiae
757 361 895 401 domus

181 424 382 461 AEternum
397 421 654 473 opprobrium
668 451 678 469 ‚
699 419 806 472 qued
825 422 924 459 male
939 421 1126 461 barbaras

390 486 542 535 Regum
555 492 614 522 est
634 483 714 522 ulta
731 483 922 521 libidines.

181 545 346 594 Dicunt,
364 545 404 583 in
413 555 557 584 tenero
577 544 748 596 gramine
758 573 768 592 ,
784 544 986 596 pinguium

80 736 168 774 reali,
185 735 246 767 uhi
258 735 405 776 Thracia,
415 737 536 779 spirare
548 744 663 769 ventos

79 785 166 814 veris
189 789 223 814 et
247 784 358 814 avium
385 786 661 827 peregrinantium

79 828 205 862 reditus
231 829 376 870 indices,
406 838 438 862 et
466 832 542 863 idei>
567 832 664 863 Orm—

79 875 164 911 tlzias
173 899 186 916 ‚
197 876 215 909 5
230 887 309 908 voce
325 889 426 921 graeca
437 902 446 917 ‚
464 877 541 923 ὅρνις
556 880 662 936 appel-

77 925 173 956 latos.
198 916 336 968 ὀρνιθὶαι
360 924 548 970 καλούμενοι
579 926 662 982 ἐαρι-

78 969 124 1003 νοί
140 969 220 1008 τὶνές
233 969 351 1008 ὂντες“’
330 983 460 1016 ανεμει,
477 970 616 1018 Capiat
604 971 661 1005 εισὶ

79 1021 125 1050 τῶ
145 1017 242 1064 γένει.
259 1033 275 1046 α
287 1021 387 1050 Venti
402 1020 535 1062 quidam
550 1023 660 1060 verni,

81 1065 223 1097 Ornitlu‘i
240 1067 410 1108 appellati,
435 1069 562 1109 origine
585 1075 662 1099 sunt

80 1113 270 1155 Aquilones.
290 1128 307 1140 n
323 1115 440 1146 Aius-r.
461 1115 502 1146 de
517 1116 660 1154 Mundo,

79 1161 138 1192 lv.
147 1162 254 1202 Quam
270 1161 528 1194 observationem
544 1161 662 1193 confir-

79 1213 146 1239 mat
155 1207 328 1243 Columell.
337 1210 398 1247 XI,
410 1220 441 1248 2,
454 1220 509 1241 21.
521 1208 661 1245 Dee-Ima

79 1253 135 1287 die
164 1254 301 1286 calend.
323 1256 512 1288 martiarum
530 1258 598 1299 (18
620 1258 661 1289 fe-

80 1301 191 1334 bruar.
206 1301 219 1343 )
251 1302 349 1334 ‘venei
391 1305 661 1346 septentrionales

80 1348 139 1391 qui
151 1356 318 1381 ‘vocantur
327 1351 488 1383 Ornithiae
500 1364 581 1394 ,per
591 1353 661 1383 dies

81 1395 215 1439 triginta
237 1408 305 1428 esse
329 1398 454 1436 solent;
473 1399 539 1430 eum
558 1407 592 1430 et
610 1399 660 1430 lu·-

81 1442 185 1476 tundo
210 1444 349 1476 advenit.
365 1447 466 1477 Venti
489 1446 596 1479 antem
613 1447 662 1478 illi

82 1489 253 1532 impellunt
269 1491 392 1529 lintea,
410 1493 444 1524 h.
469 1494 583 1526 e.·vela
605 1503 662 1524 na-

83 1537 190 1576 vium,
208 1539 284 1579 quia
308 1550 395 1571 mare
423 1541 662 1581 navigationem

84 1581 163 1616 tune
176 1587 330 1627 temporis
351 1587 574 1628 repetentibus
590 1598 664 1629 ape-

83 1632 186 1664 riunt.
198 1649 248 1656 —·
256 1632 333 1665 lem
349 1643 409 1664 nec
419 1643 519 1678 prata
531 1634 640 1678 rigent
651 1646 664 1666 .·

84 1688 153 1709 non
173 1678 244 1721 Ῑὰηι
271 1679 406 1711 horrent
433 1683 578 1723 pruinis,
605 1693 665 1714 nee

84 1725 191 1768 rigido
219 1727 293 1768 gelu
317 1730 597 1770 constringuntur.
612 1747 661 1754 --

85 1773 258 1817 Necfluvii
265 1780 410 1816 strepunt
420 1777 454 1806 H
446 1774 575 1816 ybernc'z‘
591 1776 662 1807 nive

84 1820 216 1863 turgidi.
229 1820 332 1860 Vide,
345 1822 443 1864 supr5
465 1823 527 1855 Od.
543 1825 604 1863 lv,
622 1835 638 1863 7
653 1847 662 1863 ,

88 1867 108 1901 3
123 1874 156 1899 et
170 1874 282 1900 notam
296 1869 331 1900 in
346 1869 379 1900 h.
394 1870 417 1901 l.

134 1925 165 1946 a.
185 1915 310 1947 Nidum
317 1917 435 1958 ponit,
458 1919 532 1958 Ityn
542 1919 665 1962 flebili-

85 1961 285 2004 titgemens,
301 1964 425 2004 Infelix
440 1965 531 1996 avis:
544 1968 660 2007 passim

85 2009 170 2050 apud
185 2017 296 2051 poetas
306 2012 388 2041 veris
400 2012 528 2042 initium
542 2024 600 2054 per
611 2013 661 2044 hi-

86 2055 235 2091 mndinis
260 2057 399 2092 reditum
415 2058 598 2098 indicatur,
612 2061 661 2091 in-

85 2100 145 2140 ἰτὲ,
155 2105 219 2148 ῌΡ.
226 2105 253 2142 1,
272 2115 303 2143 7,
321 2106 382 2138 13:
395 2106 473 2138 Cum
490 2106 660 2146 Zephyris,

85 2147 116 2178 εἰ
128 2151 283 2185 concedes
305 2159 338 2182 et
355 2151 663 2194 hirundmepn'md;

87 2200 119 2229 et.
143 2197 241 2229 Ovid.
271 2199 356 2232 Fast.
382 2201 434 2237 Π,
452 2200 542 2231 853:
568 2200 666 2232 Falli-

86 2247 168 2280 mur,
187 2240 241 2275 ὰη
256 2245 345 2276 ‘veris
361 2246 551 2288 pra-mantia
571 2249 667 2280 venit

718 737 882 769 hirundo.)
911 738 1084 770 Notissima
1118 737 1224 768 aulem
1251 748 1293 769 ex

717 785 814 817 ovid.
843 787 1014 816 Metamor.
1039 787 1088 815 VI
1094 807 1103 823 ‚
1130 785 1291 822 Procnes,

716 832 902 864 Philomelae
911 839 943 863 et
951 834 1047 864 Terei
1061 831 1179 863 fabula.
1199 834 1295 863 Proc-

715 890 758 910 ne
769 903 778 918 ‚
796 879 1008 918 'Pandionis,
1045 878 1295 911 Atheniensium

715 928 800 969 regis
815 926 880 958 filia
893 951 901 965 ‚
917 926 992 958 cum
1005 927 1022 958 5
1037 928 1141 958 Tereo
1151 949 1160 964 ‚
1177 927 1294 957 marito

714 984 774 1005 suo
785 997 794 1012 ‚
811 976 877 1005 vim
893 974 1081 1005 Philomelae
1101 974 1206 1004 sorori
1227 983 1294 1004 suae

714 1021 832 1051 illatam
850 1022 947 1052 fuisse
957 1021 1174 1063 cognovisset,
1189 1019 1295 1051 filium

716 1079 811 1109 quem
823 1068 863 1099 ab
873 1079 912 1099 eo
925 1075 1107 1110 susceperat
1122 1068 1182 1109 ipsi
1193 1068 1298 1099 'rei-eo

715 1116 913 1157 epulandum
953 1116 1116 1157 apposuit.
1170 1114 1297 1145 Scelere

715 1171 843 1204 aperto,
869 1162 945 1194 cum
971 1166 1093 1195 'serens
1116 1161 1299 1193 crudelissi-

714 1221 798 1241 mam
819 1218 955 1242 matrem
977 1211 1062 1241 ferro
1085 1209 1299 1242 occidendam

714 1265 979 1300 persequeretur,
997 1259 1033 1289 in
1058 1268 1204 1300 upupam
1225 1266 1296 1286 mu-

714 1311 798 1336 tatus
811 1313 870 1344 est,
882 1306 1059 1338 Philomela
1068 1307 1103 1337 iu
1112 1305 1295 1342 lusciniam,

712 1352 836 1384 Procne
849 1355 884 1383 in
894 1353 1114 1385 hirundinem.
1127 1349 1297 1382 Cumverc)

716 1406 829 1430 cantus
871 1399 1060 1431 hirundinis
1103 1399 1295 1429 brevissimo

715 1453 823 1478 tractu
835 1454 867 1477 et
884 1448 974 1488 quasi
988 1445 1154 1489 singultim
1166 1447 1298 1476 interci-

715 1493 787 1531 dat,
818 1495 1018 1536 gemitusque
1055 1491 1166 1535 potius
1197 1492 1296 1534 quium

715 1540 868 1575 modulos
884 1542 1065 1582 exprimere
1077 1540 1235 1578 videatur,
1251 1540 1298 1571 id-

717 1588 756 1619 εὸ
767 1586 828 1619 filii
849 1589 901 1618 sui
919 1595 1057 1619 mortem
1069 1587 1232 1632 flebiliter
1242 1599 1298 1630 ge-

718 1645 805 1666 mere
830 1634 976 1678 fingitur.
994 1654 1044 1660 —
1062 1635 1225 1676 Cecropiae
1237 1635 1296 1666 do-

719 1681 788 1713 mais
800 1681 976 1713 AEtermtm
994 1683 1196 1725 opprobrium
1211 1693 1224 1712 .-
1238 1693 1297 1724 per

722 1730 912 1770 Cecropiam
944 1731 1099 1768 domum,
1126 1741 1203 1761 non·
1221 1730 1294 1760 stir-

716 1788 789 1818 pem
806 1777 958 1819 Cecropis
967 1801 975 1816 ,
985 1778 1040 1808 sed
1055 1788 1192 1819 regnum
1205 1776 1297 1818 quod

717 1824 865 1855 fundavit
888 1832 919 1856 et
944 1825 1094 1855 familiam
1115 1825 1295 1855 Athenien-

717 1883 784 1903 sem
813 1873 969 1914 intellige.
1007 1890 1056 1897 —
1080 1872 1174 1903 ΙΙῙαΙὲ
1199 1871 1296 1901 ulta:

717 1919 854 1960 pessime
882 1919 999 1958 eti5m,
1016 1919 1137 1961 quippe
1163 1919 1298 1960 parrici-

716 1966 782 1998 dio.
800 1984 847 1990 —-
864 1969 987 2009 Regum
1021 1966 1174 1997 libidines
1190 1977 1203 1995 .·
1226 1975 1297 1995 cru·
1339 1978 1342 1979 ⁷

716 2013 877 2044 delitatem
897 2021 928 2044 et
939 2015 1091 2053 injustam
1108 2014 1202 2044 Terei
1225 2012 1298 2043 libi-

717 2060 845 2099 dinem3
861 2061 935 2091 ide&
957 2061 1105 2092 libidines
1127 2061 1162 2090 in
1179 2059 1296 2102 plural.

717 2107 806 2139 dicit.
817 2107 885 2140 Ciu·
896 2108 1014 2146 autem,
1027 2118 1152 2151 regum,
1170 2106 1245 2137 cum
1257 2106 1298 2136 de

719 2165 787 2186 uno
805 2166 878 2198 rege
897 2158 1000 2187 Tereo
1023 2155 1077 2186 hic
1094 2155 1230 2196 agatur?
1249 2154 1298 2183 Li-

718 2200 834 2232 benter
850 2203 1023 2234 clarissimo
1041 2204 1113 2233 viro
1130 2200 1299 2233 Mitscher-

718 2248 796 2280 lich.
816 2251 978 2289 assentiar,
991 2251 1050 2291 qui
1067 2260 1125 2291 per
1137 2257 1248 2290 regum
1261 2246 1298 2278 ei-
