<?xml version="1.0" encoding="UTF-8"?>
<!DOCTYPE html PUBLIC "-//W3C//DTD XHTML 1.0 Transitional//EN"
    "http://www.w3.org/TR/xhtml1/DTD/xhtml1-transitional.dtd">
<html xmlns="http://www.w3.org/1999/xhtml" xml:lang="en" lang="en">
 <head>
  <title>
</title>
<meta http-equiv="Content-Type" content="text/html;charset=utf-8" />
  <meta name='ocr-system' content='tesseract 3.04.00' />
  <meta name='ocr-capabilities' content='ocr_page ocr_carea ocr_par ocr_line ocrx_word'/>
</head>
<body>
  <div class='ocr_page' id='page_1' title='image "./quintushoratiusf02horauoft_0025.png"; bbox 0 0 1404 2522; ppageno 0'>
   <div class='ocr_carea' id='block_1_1' title="bbox 12 0 376 62">
    <p class='ocr_par' dir='ltr' id='par_1_1' title="bbox 12 0 376 62">
     <span class='ocr_line' id='line_1_1' title="bbox 12 0 376 62; baseline 0 -58"><span class='ocrx_word' id='word_1_1' title='bbox 12 0 273 62; x_wconf 43' lang='lat' dir='ltr'>WWQ</span> <span class='ocrx_word' id='word_1_2' title='bbox 286 3 287 8; x_wconf 71' lang='grc'>,</span> <span class='ocrx_word' id='word_1_3' title='bbox 373 0 376 2; x_wconf 89' lang='grc'>.</span> 
     </span>
    </p>
   </div>
   <div class='ocr_carea' id='block_1_2' title="bbox 20 63 38 100">
    <p class='ocr_par' dir='ltr' id='par_1_2' title="bbox 20 63 38 100">
     <span class='ocr_line' id='line_1_2' title="bbox 20 63 38 100; baseline 0 -25"><span class='ocrx_word' id='word_1_4' title='bbox 20 63 38 100; x_wconf 51' lang='grc' dir='ltr'>ἑ,</span> 
     </span>
    </p>
   </div>
   <div class='ocr_carea' id='block_1_3' title="bbox 58 96 1287 736">
    <p class='ocr_par' dir='ltr' id='par_1_3' title="bbox 58 96 1287 736">
     <span class='ocr_line' id='line_1_3' title="bbox 361 96 701 185; baseline 0 -70"><span class='ocrx_word' id='word_1_5' title='bbox 361 109 368 115; x_wconf 92' lang='grc'><em>.</em></span> <span class='ocrx_word' id='word_1_6' title='bbox 398 96 405 117; x_wconf 64' lang='lat' dir='ltr'>k</span> <span class='ocrx_word' id='word_1_7' title='bbox 638 118 701 185; x_wconf 76' lang='lat' dir='ltr'>vij</span> 
     </span>
     <span class='ocr_line' id='line_1_4' title="bbox 59 202 1282 269; baseline -0.007 -17"><span class='ocrx_word' id='word_1_8' title='bbox 59 223 306 269; x_wconf 80' lang='lat' dir='ltr'>parvoque,</span> <span class='ocrx_word' id='word_1_9' title='bbox 318 218 368 251; x_wconf 90' lang='lat' dir='ltr'>ut</span> <span class='ocrx_word' id='word_1_10' title='bbox 382 207 427 249; x_wconf 87' lang='lat' dir='ltr'>in</span> <span class='ocrx_word' id='word_1_11' title='bbox 442 205 562 266; x_wconf 85' lang='lat' dir='ltr'>pagis</span> <span class='ocrx_word' id='word_1_12' title='bbox 581 203 675 246; x_wconf 86' lang='lat' dir='ltr'>fieri</span> <span class='ocrx_word' id='word_1_13' title='bbox 693 202 823 256; x_wconf 85' lang='lat' dir='ltr'>solet,</span> <span class='ocrx_word' id='word_1_14' title='bbox 842 202 984 261; x_wconf 87' lang='lat' dir='ltr'>pretio</span> <span class='ocrx_word' id='word_1_15' title='bbox 1002 208 1103 246; x_wconf 75' lang='lat' dir='ltr'>cum</span> <span class='ocrx_word' id='word_1_16' title='bbox 1116 203 1282 262; x_wconf 88' lang='lat' dir='ltr'>magnis</span> 
     </span>
     <span class='ocr_line' id='line_1_5' title="bbox 61 268 1281 344; baseline -0.008 -23"><span class='ocrx_word' id='word_1_17' title='bbox 61 292 239 344; x_wconf 64' lang='lat' dir='ltr'>quoflue</span> <span class='ocrx_word' id='word_1_18' title='bbox 261 275 567 319; x_wconf 84' lang='lat' dir='ltr'>centurionum</span> <span class='ocrx_word' id='word_1_19' title='bbox 582 271 679 313; x_wconf 87' lang='lat' dir='ltr'>filiis</span> <span class='ocrx_word' id='word_1_20' title='bbox 696 268 962 324; x_wconf 81' lang='lat' dir='ltr'>addisceret3</span> <span class='ocrx_word' id='word_1_21' title='bbox 979 268 1058 311; x_wconf 90' lang='lat' dir='ltr'>sed</span> <span class='ocrx_word' id='word_1_22' title='bbox 1075 271 1258 312; x_wconf 85' lang='lat' dir='ltr'>Romam</span> <span class='ocrx_word' id='word_1_23' title='bbox 1269 302 1281 324; x_wconf 87' lang='lat'>,</span> 
     </span>
     <span class='ocr_line' id='line_1_6' title="bbox 58 333 1281 388; baseline -0.007 -1"><span class='ocrx_word' id='word_1_24' title='bbox 58 343 176 388; x_wconf 58' lang='lat' dir='ltr'>vehit</span> <span class='ocrx_word' id='word_1_25' title='bbox 191 345 238 386; x_wconf 88' lang='lat' dir='ltr'>in</span> <span class='ocrx_word' id='word_1_26' title='bbox 259 341 458 386; x_wconf 82' lang='lat' dir='ltr'>Universi</span> <span class='ocrx_word' id='word_1_27' title='bbox 485 341 707 382; x_wconf 85' lang='lat' dir='ltr'><strong>theatrum</strong></span> <span class='ocrx_word' id='word_1_28' title='bbox 723 336 779 379; x_wconf 89' lang='lat' dir='ltr'>ad</span> <span class='ocrx_word' id='word_1_29' title='bbox 804 352 872 379; x_wconf 81' lang='lat' dir='ltr'>eas</span> <span class='ocrx_word' id='word_1_30' title='bbox 902 336 1152 379; x_wconf 84' lang='lat' dir='ltr'>docendum</span> <span class='ocrx_word' id='word_1_31' title='bbox 1168 333 1281 379; x_wconf 75' lang='lat' dir='ltr'>artes</span> 
     </span>
     <span class='ocr_line' id='line_1_7' title="bbox 59 405 1280 470; baseline -0.006 -17"><span class='ocrx_word' id='word_1_32' title='bbox 59 425 246 470; x_wconf 85' lang='lat' dir='ltr'>puerum</span> <span class='ocrx_word' id='word_1_33' title='bbox 259 407 483 470; x_wconf 86' lang='lat' dir='ltr'>perduxit,</span> <span class='ocrx_word' id='word_1_34' title='bbox 502 422 607 465; x_wconf 91' lang='lat' dir='ltr'>quas</span> <span class='ocrx_word' id='word_1_35' title='bbox 626 405 764 463; x_wconf 90' lang='lat' dir='ltr'>quivis</span> <span class='ocrx_word' id='word_1_36' title='bbox 785 419 918 462; x_wconf 89' lang='lat' dir='ltr'><strong>eques</strong></span> <span class='ocrx_word' id='word_1_37' title='bbox 939 415 982 446; x_wconf 87' lang='lat' dir='ltr'>et</span> <span class='ocrx_word' id='word_1_38' title='bbox 1001 415 1176 447; x_wconf 85' lang='lat' dir='ltr'>senator</span> <span class='ocrx_word' id='word_1_39' title='bbox 1192 405 1280 446; x_wconf 77' lang='lat' dir='ltr'>s&#39;uis</span> 
     </span>
     <span class='ocr_line' id='line_1_8' title="bbox 59 471 1285 526; baseline -0.005 -6"><span class='ocrx_word' id='word_1_40' title='bbox 59 477 261 520; x_wconf 82' lang='lat' dir='ltr'>traderet.</span> <span class='ocrx_word' id='word_1_41' title='bbox 297 479 445 518; x_wconf 84' lang='lat' dir='ltr'>Romae</span> <span class='ocrx_word' id='word_1_42' title='bbox 478 476 623 516; x_wconf 81' lang='lat' dir='ltr'>autem</span> <span class='ocrx_word' id='word_1_43' title='bbox 639 506 650 526; x_wconf 89' lang='lat'>,</span> <span class='ocrx_word' id='word_1_44' title='bbox 684 487 775 514; x_wconf 90' lang='lat' dir='ltr'>non</span> <span class='ocrx_word' id='word_1_45' title='bbox 809 482 861 512; x_wconf 89' lang='lat' dir='ltr'>ut</span> <span class='ocrx_word' id='word_1_46' title='bbox 891 471 1102 514; x_wconf 82' lang='lat' dir='ltr'>aviculam</span> <span class='ocrx_word' id='word_1_47' title='bbox 1139 472 1285 515; x_wconf 88' lang='lat' dir='ltr'>volare</span> 
     </span>
     <span class='ocr_line' id='line_1_9' title="bbox 60 540 1285 602; baseline -0.003 -16"><span class='ocrx_word' id='word_1_48' title='bbox 60 545 187 602; x_wconf 88' lang='lat' dir='ltr'>pueri</span> <span class='ocrx_word' id='word_1_49' title='bbox 198 543 351 588; x_wconf 85' lang='lat' dir='ltr'>volunt</span> <span class='ocrx_word' id='word_1_50' title='bbox 360 576 372 595; x_wconf 90' lang='lat'>,</span> <span class='ocrx_word' id='word_1_51' title='bbox 384 541 490 602; x_wconf 76' lang='lat' dir='ltr'>dum</span> <span class='ocrx_word' id='word_1_52' title='bbox 501 541 656 599; x_wconf 88' lang='lat' dir='ltr'>pedem</span> <span class='ocrx_word' id='word_1_53' title='bbox 667 549 819 580; x_wconf 87' lang='lat' dir='ltr'>tenent</span> <span class='ocrx_word' id='word_1_54' title='bbox 832 540 1118 580; x_wconf 83' lang='lat' dir='ltr'>constrictum</span> <span class='ocrx_word' id='word_1_55' title='bbox 1129 571 1140 592; x_wconf 93' lang='lat'>,</span> <span class='ocrx_word' id='word_1_56' title='bbox 1157 541 1285 597; x_wconf 70' lang='lat' dir='ltr'>parce</span> 
     </span>
     <span class='ocr_line' id='line_1_10' title="bbox 61 606 1285 664; baseline -0.003 -11"><span class='ocrx_word' id='word_1_57' title='bbox 61 626 111 653; x_wconf 85' lang='lat' dir='ltr'>ac</span> <span class='ocrx_word' id='word_1_58' title='bbox 135 609 314 664; x_wconf 70' lang='lat' dir='ltr'>duriter,</span> <span class='ocrx_word' id='word_1_59' title='bbox 339 609 453 651; x_wconf 78' lang='lat' dir='ltr'>inter</span> <span class='ocrx_word' id='word_1_60' title='bbox 486 607 641 650; x_wconf 86' lang='lat' dir='ltr'>multas</span> <span class='ocrx_word' id='word_1_61' title='bbox 670 606 993 664; x_wconf 84' lang='lat' dir='ltr'>objurgationes</span> <span class='ocrx_word' id='word_1_62' title='bbox 1017 606 1285 664; x_wconf 87' lang='lat' dir='ltr'>exiguosque</span> 
     </span>
     <span class='ocr_line' id='line_1_11' title="bbox 62 671 1287 736; baseline -0.004 -16"><span class='ocrx_word' id='word_1_63' title='bbox 62 689 260 736; x_wconf 88' lang='lat' dir='ltr'>sumptus</span> <span class='ocrx_word' id='word_1_64' title='bbox 291 676 427 718; x_wconf 87' lang='lat' dir='ltr'>filium</span> <span class='ocrx_word' id='word_1_65' title='bbox 461 674 636 728; x_wconf 73' lang='lat' dir='ltr'>habuit,</span> <span class='ocrx_word' id='word_1_66' title='bbox 680 671 756 715; x_wconf 92' lang='lat' dir='ltr'>sed</span> <span class='ocrx_word' id='word_1_67' title='bbox 798 683 936 715; x_wconf 87' lang='lat' dir='ltr'>vestes</span> <span class='ocrx_word' id='word_1_68' title='bbox 976 687 1211 730; x_wconf 88' lang='lat' dir='ltr'>servosque</span> <span class='ocrx_word' id='word_1_69' title='bbox 1247 674 1287 715; x_wconf 89' lang='lat' dir='ltr'>ei</span> 
     </span>
    </p>
   </div>
   <div class='ocr_carea' id='block_1_4' title="bbox 27 739 1286 802">
    <p class='ocr_par' dir='ltr' id='par_1_4' title="bbox 27 739 1286 802">
     <span class='ocr_line' id='line_1_12' title="bbox 27 739 1286 802; baseline -0.002 -16"><span class='ocrx_word' id='word_1_70' title='bbox 27 772 38 776; x_wconf 96' lang='lat'><em>-</em></span> <span class='ocrx_word' id='word_1_71' title='bbox 61 744 247 802; x_wconf 85' lang='lat' dir='ltr'>praebuit</span> <span class='ocrx_word' id='word_1_72' title='bbox 284 742 402 785; x_wconf 79' lang='lat' dir='ltr'>velut</span> <span class='ocrx_word' id='word_1_73' title='bbox 429 757 481 784; x_wconf 85' lang='lat' dir='ltr'>ex</span> <span class='ocrx_word' id='word_1_74' title='bbox 511 741 622 783; x_wconf 61' lang='lat' dir='ltr'>avita</span> <span class='ocrx_word' id='word_1_75' title='bbox 651 756 698 783; x_wconf 89' lang='lat' dir='ltr'>re</span> <span class='ocrx_word' id='word_1_76' title='bbox 737 739 988 793; x_wconf 65' lang='lat' dir='ltr'>lautissima,</span> <span class='ocrx_word' id='word_1_77' title='bbox 1026 755 1107 798; x_wconf 88' lang='lat' dir='ltr'>pro</span> <span class='ocrx_word' id='word_1_78' title='bbox 1148 739 1286 783; x_wconf 87' lang='lat' dir='ltr'>nihilo</span> 
     </span>
    </p>
   </div>
   <div class='ocr_carea' id='block_1_5' title="bbox 58 806 1290 1073">
    <p class='ocr_par' dir='ltr' id='par_1_5' title="bbox 58 806 1290 1073">
     <span class='ocr_line' id='line_1_13' title="bbox 61 806 1287 869; baseline -0.002 -16"><span class='ocrx_word' id='word_1_79' title='bbox 61 821 245 869; x_wconf 83' lang='lat' dir='ltr'>putans,</span> <span class='ocrx_word' id='word_1_80' title='bbox 274 811 309 853; x_wconf 91' lang='lat' dir='ltr'>si</span> <span class='ocrx_word' id='word_1_81' title='bbox 329 810 424 869; x_wconf 89' lang='lat' dir='ltr'>quis</span> <span class='ocrx_word' id='word_1_82' title='bbox 451 809 655 852; x_wconf 90' lang='lat' dir='ltr'>libertino</span> <span class='ocrx_word' id='word_1_83' title='bbox 683 820 805 867; x_wconf 86' lang='lat' dir='ltr'>patre</span> <span class='ocrx_word' id='word_1_84' title='bbox 831 818 983 850; x_wconf 88' lang='lat' dir='ltr'>natum</span> <span class='ocrx_word' id='word_1_85' title='bbox 1011 806 1200 850; x_wconf 86' lang='lat' dir='ltr'>roderet.</span> <span class='ocrx_word' id='word_1_86' title='bbox 1227 809 1287 850; x_wconf 84' lang='lat' dir='ltr'>At</span> 
     </span>
     <span class='ocr_line' id='line_1_14' title="bbox 58 874 1287 938; baseline -0.004 -16"><span class='ocrx_word' id='word_1_87' title='bbox 58 881 177 935; x_wconf 78' lang='lat' dir='ltr'>jure,</span> <span class='ocrx_word' id='word_1_88' title='bbox 209 880 322 922; x_wconf 72' lang='lat' dir='ltr'>forte</span> <span class='ocrx_word' id='word_1_89' title='bbox 353 878 571 937; x_wconf 86' lang='lat' dir='ltr'>cogitatis,</span> <span class='ocrx_word' id='word_1_90' title='bbox 600 874 842 919; x_wconf 85' lang='lat' dir='ltr'>istiusmodi</span> <span class='ocrx_word' id='word_1_91' title='bbox 877 875 1143 917; x_wconf 88' lang='lat' dir='ltr'>offensiones</span> <span class='ocrx_word' id='word_1_92' title='bbox 1177 877 1287 938; x_wconf 76' lang='lat' dir='ltr'>saepe</span> 
     </span>
     <span class='ocr_line' id='line_1_15' title="bbox 62 937 1290 1003; baseline -0.005 -11"><span class='ocrx_word' id='word_1_93' title='bbox 62 947 344 1003; x_wconf 70' lang='lat' dir='ltr'>audiit,&#39;ci1m</span> <span class='ocrx_word' id='word_1_94' title='bbox 368 958 512 990; x_wconf 87' lang='lat' dir='ltr'>tantos</span> <span class='ocrx_word' id='word_1_95' title='bbox 543 946 605 987; x_wconf 88' lang='lat' dir='ltr'>illi</span> <span class='ocrx_word' id='word_1_96' title='bbox 634 946 800 987; x_wconf 84' lang='lat' dir='ltr'>animos</span> <span class='ocrx_word' id='word_1_97' title='bbox 830 944 922 985; x_wconf 76' lang='lat' dir='ltr'>sine</span> <span class='ocrx_word' id='word_1_98' title='bbox 954 959 1031 1002; x_wconf 89' lang='lat' dir='ltr'>spe</span> <span class='ocrx_word' id='word_1_99' title='bbox 1062 937 1290 986; x_wconf 57' lang='lat' dir='ltr'>vanissiiiia</span> 
     </span>
     <span class='ocr_line' id='line_1_16' title="bbox 63 1012 1289 1073; baseline -0.002 -17"><span class='ocrx_word' id='word_1_100' title='bbox 63 1015 252 1057; x_wconf 87' lang='lat' dir='ltr'>misellus</span> <span class='ocrx_word' id='word_1_101' title='bbox 277 1025 400 1073; x_wconf 87' lang='lat' dir='ltr'>pater</span> <span class='ocrx_word' id='word_1_102' title='bbox 429 1015 647 1072; x_wconf 80' lang='lat' dir='ltr'>inspirare</span> <span class='ocrx_word' id='word_1_103' title='bbox 670 1012 790 1055; x_wconf 77' lang='lat' dir='ltr'>haud</span> <span class='ocrx_word' id='word_1_104' title='bbox 818 1013 1026 1072; x_wconf 85' lang='lat' dir='ltr'>potuerit.</span> <span class='ocrx_word' id='word_1_105' title='bbox 1051 1013 1170 1055; x_wconf 86' lang='lat' dir='ltr'>Eane</span> <span class='ocrx_word' id='word_1_106' title='bbox 1195 1013 1289 1055; x_wconf 74' lang='lat' dir='ltr'>tum</span> 
     </span>
    </p>
   </div>
   <div class='ocr_carea' id='block_1_6' title="bbox 0 1079 1347 1206">
    <p class='ocr_par' dir='ltr' id='par_1_6' title="bbox 0 1079 1347 1206">
     <span class='ocr_line' id='line_1_17' title="bbox 0 1079 1347 1139; baseline -0.001 -16"><span class='ocrx_word' id='word_1_107' title='bbox 0 1098 2 1133; x_wconf 62' lang='lat' dir='ltr'>g</span> <span class='ocrx_word' id='word_1_108' title='bbox 62 1080 307 1139; x_wconf 68' lang='lat' dir='ltr'>reipublicae</span> <span class='ocrx_word' id='word_1_109' title='bbox 331 1081 461 1123; x_wconf 84' lang='lat' dir='ltr'>facies</span> <span class='ocrx_word' id='word_1_110' title='bbox 485 1093 597 1134; x_wconf 83' lang='lat' dir='ltr'>erat,</span> <span class='ocrx_word' id='word_1_111' title='bbox 621 1091 671 1122; x_wconf 89' lang='lat' dir='ltr'>ut</span> <span class='ocrx_word' id='word_1_112' title='bbox 702 1080 827 1123; x_wconf 86' lang='lat' dir='ltr'>novis</span> <span class='ocrx_word' id='word_1_113' title='bbox 853 1081 1014 1138; x_wconf 77' lang='lat' dir='ltr'>passim</span> <span class='ocrx_word' id='word_1_114' title='bbox 1036 1079 1288 1122; x_wconf 89' lang='lat' dir='ltr'>hominibus</span> <span class='ocrx_word' id='word_1_115' title='bbox 1339 1104 1347 1116; x_wconf 65' lang='grc' dir='ltr'>ι</span> 
     </span>
     <span class='ocr_line' id='line_1_18' title="bbox 0 1140 1288 1206; baseline -0.001 -17"><span class='ocrx_word' id='word_1_116' title='bbox 0 1140 1 1164; x_wconf 64' lang='lat'><em>³</em></span> <span class='ocrx_word' id='word_1_117' title='bbox 62 1146 204 1189; x_wconf 83' lang='lat' dir='ltr'>aditus</span> <span class='ocrx_word' id='word_1_118' title='bbox 221 1145 276 1188; x_wconf 86' lang='lat' dir='ltr'>ad</span> <span class='ocrx_word' id='word_1_119' title='bbox 292 1148 483 1190; x_wconf 85' lang='lat' dir='ltr'>honores</span> <span class='ocrx_word' id='word_1_120' title='bbox 498 1148 861 1206; x_wconf 84' lang='lat' dir='ltr'>magistratusque</span> <span class='ocrx_word' id='word_1_121' title='bbox 876 1145 1074 1205; x_wconf 76' lang='lat' dir='ltr'>pateret?</span> <span class='ocrx_word' id='word_1_122' title='bbox 1089 1147 1159 1188; x_wconf 93' lang='lat' dir='ltr'>An</span> <span class='ocrx_word' id='word_1_123' title='bbox 1169 1148 1288 1200; x_wconf 77' lang='lat' dir='ltr'>vero,</span> 
     </span>
    </p>
   </div>
   <div class='ocr_carea' id='block_1_7' title="bbox 62 1212 1291 1542">
    <p class='ocr_par' dir='ltr' id='par_1_7' title="bbox 62 1212 1291 1542">
     <span class='ocr_line' id='line_1_19' title="bbox 63 1212 1289 1273; baseline 0.001 -17"><span class='ocrx_word' id='word_1_124' title='bbox 63 1214 185 1272; x_wconf 90' lang='lat' dir='ltr'>quod</span> <span class='ocrx_word' id='word_1_125' title='bbox 207 1216 299 1273; x_wconf 89' lang='lat' dir='ltr'>ipse</span> <span class='ocrx_word' id='word_1_126' title='bbox 319 1214 372 1256; x_wconf 89' lang='lat' dir='ltr'>de</span> <span class='ocrx_word' id='word_1_127' title='bbox 393 1231 438 1258; x_wconf 88' lang='lat' dir='ltr'>se</span> <span class='ocrx_word' id='word_1_128' title='bbox 466 1215 667 1269; x_wconf 85' lang='lat' dir='ltr'>Flaccus,</span> <span class='ocrx_word' id='word_1_129' title='bbox 689 1214 742 1256; x_wconf 85' lang='lat' dir='ltr'>ad</span> <span class='ocrx_word' id='word_1_130' title='bbox 762 1215 1007 1273; x_wconf 82' lang='lat' dir='ltr'>exemplum</span> <span class='ocrx_word' id='word_1_131' title='bbox 1025 1212 1201 1256; x_wconf 86' lang='lat' dir='ltr'>Pindari</span> <span class='ocrx_word' id='word_1_132' title='bbox 1216 1230 1289 1257; x_wconf 87' lang='lat' dir='ltr'>re-</span> 
     </span>
     <span class='ocr_line' id='line_1_20' title="bbox 63 1279 1287 1341; baseline 0 -18"><span class='ocrx_word' id='word_1_133' title='bbox 63 1280 148 1324; x_wconf 85' lang='lat' dir='ltr'>fert</span> <span class='ocrx_word' id='word_1_134' title='bbox 158 1313 169 1335; x_wconf 93' lang='lat'>,</span> <span class='ocrx_word' id='word_1_135' title='bbox 172 1280 339 1339; x_wconf 79' lang='lat' dir='ltr'>fronde</span> <span class='ocrx_word' id='word_1_136' title='bbox 361 1281 471 1326; x_wconf 80' lang='grc' dir='ltr'>ηονᾶ</span> <span class='ocrx_word' id='word_1_137' title='bbox 486 1298 670 1341; x_wconf 77' lang='lat' dir='ltr'>puerum</span> <span class='ocrx_word' id='word_1_138' title='bbox 688 1282 916 1340; x_wconf 79' lang='lat' dir='ltr'>palumbes</span> <span class='ocrx_word' id='word_1_139' title='bbox 936 1279 1078 1323; x_wconf 56' lang='lat' dir='ltr'>texere</span> <span class='ocrx_word' id='word_1_140' title='bbox 1093 1292 1120 1336; x_wconf 83' lang='lat'>¹,</span> <span class='ocrx_word' id='word_1_141' title='bbox 1138 1282 1287 1341; x_wconf 81' lang='lat' dir='ltr'>singu-</span> 
     </span>
     <span class='ocr_line' id='line_1_21' title="bbox 62 1348 1291 1408; baseline 0 -18"><span class='ocrx_word' id='word_1_142' title='bbox 62 1348 395 1407; x_wconf 83' lang='lat' dir='ltr'>larequoddam</span> <span class='ocrx_word' id='word_1_143' title='bbox 414 1349 569 1392; x_wconf 85' lang='lat' dir='ltr'>futurae</span> <span class='ocrx_word' id='word_1_144' title='bbox 588 1350 714 1392; x_wconf 85' lang='lat' dir='ltr'>sortis</span> <span class='ocrx_word' id='word_1_145' title='bbox 734 1349 982 1408; x_wconf 86' lang='lat' dir='ltr'>indolisque</span> <span class='ocrx_word' id='word_1_146' title='bbox 1008 1349 1163 1391; x_wconf 85' lang='lat' dir='ltr'>divinae</span> <span class='ocrx_word' id='word_1_147' title='bbox 1181 1365 1291 1407; x_wconf 86' lang='lat' dir='ltr'>prae·</span> 
     </span>
     <span class='ocr_line' id='line_1_22' title="bbox 65 1416 1290 1475; baseline 0.001 -17"><span class='ocrx_word' id='word_1_148' title='bbox 65 1416 231 1475; x_wconf 79' lang='lat' dir='ltr'>sagium</span> <span class='ocrx_word' id='word_1_149' title='bbox 262 1417 307 1458; x_wconf 90' lang='lat' dir='ltr'>in</span> <span class='ocrx_word' id='word_1_150' title='bbox 345 1432 397 1460; x_wconf 90' lang='lat' dir='ltr'>eo</span> <span class='ocrx_word' id='word_1_151' title='bbox 429 1417 591 1461; x_wconf 73' lang='lat' dir='ltr'>vidit2?</span> <span class='ocrx_word' id='word_1_152' title='bbox 620 1416 707 1460; x_wconf 88' lang='lat' dir='ltr'>Sed</span> <span class='ocrx_word' id='word_1_153' title='bbox 741 1418 971 1459; x_wconf 86' lang='lat' dir='ltr'>minimum</span> <span class='ocrx_word' id='word_1_154' title='bbox 999 1418 1160 1459; x_wconf 89' lang='lat' dir='ltr'>horum</span> <span class='ocrx_word' id='word_1_155' title='bbox 1189 1432 1290 1459; x_wconf 88' lang='lat' dir='ltr'>cum</span> 
     </span>
     <span class='ocr_line' id='line_1_23' title="bbox 63 1483 1289 1542; baseline 0.001 -17"><span class='ocrx_word' id='word_1_156' title='bbox 63 1484 233 1526; x_wconf 86' lang='lat' dir='ltr'>ratione</span> <span class='ocrx_word' id='word_1_157' title='bbox 255 1484 337 1525; x_wconf 89' lang='lat' dir='ltr'>dici</span> <span class='ocrx_word' id='word_1_158' title='bbox 362 1485 527 1542; x_wconf 88' lang='lat' dir='ltr'>nequit.</span> <span class='ocrx_word' id='word_1_159' title='bbox 555 1485 598 1527; x_wconf 91' lang='lat' dir='ltr'>N</span> <span class='ocrx_word' id='word_1_160' title='bbox 602 1487 669 1526; x_wconf 73' lang='lat' dir='ltr'>am</span> <span class='ocrx_word' id='word_1_161' title='bbox 697 1484 911 1539; x_wconf 54' lang='lat' dir='ltr'>kufavore,</span> <span class='ocrx_word' id='word_1_162' title='bbox 931 1483 1186 1542; x_wconf 85' lang='lat' dir='ltr'>judicioque</span> <span class='ocrx_word' id='word_1_163' title='bbox 1204 1499 1289 1541; x_wconf 91' lang='lat' dir='ltr'>po-</span> 
     </span>
    </p>
   </div>
   <div class='ocr_carea' id='block_1_8' title="bbox 42 1550 1290 1610">
    <p class='ocr_par' dir='ltr' id='par_1_8' title="bbox 42 1550 1290 1610">
     <span class='ocr_line' id='line_1_24' title="bbox 42 1550 1290 1610; baseline 0 -19"><span class='ocrx_word' id='word_1_164' title='bbox 42 1551 178 1610; x_wconf 15' lang='lat' dir='ltr'>lpuli,</span> <span class='ocrx_word' id='word_1_165' title='bbox 206 1552 284 1609; x_wconf 88' lang='lat' dir='ltr'>qui</span> <span class='ocrx_word' id='word_1_166' title='bbox 309 1553 398 1604; x_wconf 76' lang='lat' dir='ltr'>jam</span> <span class='ocrx_word' id='word_1_167' title='bbox 419 1567 508 1594; x_wconf 91' lang='lat' dir='ltr'>non</span> <span class='ocrx_word' id='word_1_168' title='bbox 532 1550 714 1609; x_wconf 77' lang='lat' dir='ltr'>amplius</span> <span class='ocrx_word' id='word_1_169' title='bbox 744 1551 876 1593; x_wconf 86' lang='lat' dir='ltr'>dabat</span> <span class='ocrx_word' id='word_1_170' title='bbox 906 1551 1104 1608; x_wconf 83' lang='lat' dir='ltr'>imperia,</span> <span class='ocrx_word' id='word_1_171' title='bbox 1129 1551 1290 1604; x_wconf 85' lang='lat' dir='ltr'>fasces,</span> 
     </span>
    </p>
   </div>
   <div class='ocr_carea' id='block_1_9' title="bbox 62 1616 1290 2084">
    <p class='ocr_par' dir='ltr' id='par_1_9' title="bbox 62 1616 1290 2084">
     <span class='ocr_line' id='line_1_25' title="bbox 62 1616 1287 1676; baseline 0 -17"><span class='ocrx_word' id='word_1_172' title='bbox 62 1617 277 1676; x_wconf 84' lang='lat' dir='ltr'>legiones,</span> <span class='ocrx_word' id='word_1_173' title='bbox 306 1630 370 1674; x_wconf 83' lang='lat' dir='ltr'>et,</span> <span class='ocrx_word' id='word_1_174' title='bbox 397 1630 447 1662; x_wconf 92' lang='lat' dir='ltr'>ut</span> <span class='ocrx_word' id='word_1_175' title='bbox 469 1620 602 1662; x_wconf 87' lang='lat' dir='ltr'>verbo</span> <span class='ocrx_word' id='word_1_176' title='bbox 623 1619 785 1674; x_wconf 88' lang='lat' dir='ltr'>dicam,</span> <span class='ocrx_word' id='word_1_177' title='bbox 811 1619 975 1672; x_wconf 86' lang='lat' dir='ltr'>omnia,</span> <span class='ocrx_word' id='word_1_178' title='bbox 998 1618 1107 1660; x_wconf 89' lang='lat' dir='ltr'>nihil</span> <span class='ocrx_word' id='word_1_179' title='bbox 1133 1616 1287 1660; x_wconf 87' lang='lat' dir='ltr'>admo-</span> 
     </span>
     <span class='ocr_line' id='line_1_26' title="bbox 66 1685 1289 1747; baseline -0.001 -19"><span class='ocrx_word' id='word_1_180' title='bbox 66 1685 171 1729; x_wconf 75' lang='lat' dir='ltr'>dum</span> <span class='ocrx_word' id='word_1_181' title='bbox 213 1688 374 1744; x_wconf 84' lang='lat' dir='ltr'>sperari</span> <span class='ocrx_word' id='word_1_182' title='bbox 411 1699 605 1747; x_wconf 79' lang='lat' dir='ltr'>poterat3</span> <span class='ocrx_word' id='word_1_183' title='bbox 649 1700 692 1730; x_wconf 86' lang='lat' dir='ltr'>et</span> <span class='ocrx_word' id='word_1_184' title='bbox 725 1688 840 1730; x_wconf 84' lang='lat' dir='ltr'>idem</span> <span class='ocrx_word' id='word_1_185' title='bbox 874 1689 1022 1730; x_wconf 73' lang='lat' dir='ltr'>tamen</span> <span class='ocrx_word' id='word_1_186' title='bbox 1063 1687 1099 1729; x_wconf 86' lang='lat' dir='ltr'>si</span> <span class='ocrx_word' id='word_1_187' title='bbox 1138 1685 1289 1728; x_wconf 89' lang='lat' dir='ltr'>tollere</span> 
     </span>
     <span class='ocr_line' id='line_1_27' title="bbox 65 1752 1288 1814; baseline 0.002 -20"><span class='ocrx_word' id='word_1_188' title='bbox 65 1767 167 1795; x_wconf 88' lang='lat' dir='ltr'>eum</span> <span class='ocrx_word' id='word_1_189' title='bbox 203 1755 436 1811; x_wconf 89' lang='lat' dir='ltr'>potuisset,</span> <span class='ocrx_word' id='word_1_190' title='bbox 483 1771 610 1798; x_wconf 89' lang='lat' dir='ltr'>suum</span> <span class='ocrx_word' id='word_1_191' title='bbox 643 1756 868 1814; x_wconf 85' lang='lat' dir='ltr'>ingenium</span> <span class='ocrx_word' id='word_1_192' title='bbox 900 1769 1134 1812; x_wconf 88' lang='lat' dir='ltr'>moresque</span> <span class='ocrx_word' id='word_1_193' title='bbox 1165 1752 1288 1796; x_wconf 70' lang='lat' dir='ltr'>facile</span> 
     </span>
     <span class='ocr_line' id='line_1_28' title="bbox 68 1823 1288 1881; baseline 0 -19"><span class='ocrx_word' id='word_1_194' title='bbox 68 1831 301 1876; x_wconf 85' lang='lat' dir='ltr'>servasset,</span> <span class='ocrx_word' id='word_1_195' title='bbox 333 1837 432 1864; x_wconf 92' lang='lat' dir='ltr'>eum</span> <span class='ocrx_word' id='word_1_196' title='bbox 457 1823 502 1865; x_wconf 92' lang='lat' dir='ltr'>in</span> <span class='ocrx_word' id='word_1_197' title='bbox 534 1823 690 1878; x_wconf 82' lang='lat' dir='ltr'>titulis,</span> <span class='ocrx_word' id='word_1_198' title='bbox 711 1823 992 1881; x_wconf 87' lang='lat' dir='ltr'>imaginibus,</span> <span class='ocrx_word' id='word_1_199' title='bbox 1021 1832 1288 1879; x_wconf 87' lang='lat' dir='ltr'>externoque</span> 
     </span>
     <span class='ocr_line' id='line_1_29' title="bbox 66 1887 1290 1948; baseline 0 -18"><span class='ocrx_word' id='word_1_200' title='bbox 66 1887 299 1946; x_wconf 85' lang='lat' dir='ltr'>splendore</span> <span class='ocrx_word' id='word_1_201' title='bbox 330 1889 480 1931; x_wconf 91' lang='lat' dir='ltr'>oculos</span> <span class='ocrx_word' id='word_1_202' title='bbox 514 1890 657 1932; x_wconf 77' lang='lat' dir='ltr'>solum</span> <span class='ocrx_word' id='word_1_203' title='bbox 690 1888 868 1948; x_wconf 84' lang='lat' dir='ltr'>defigat,</span> <span class='ocrx_word' id='word_1_204' title='bbox 897 1889 998 1931; x_wconf 78' lang='lat' dir='ltr'>licet</span> <span class='ocrx_word' id='word_1_205' title='bbox 1029 1905 1168 1932; x_wconf 89' lang='lat' dir='ltr'>unum</span> <span class='ocrx_word' id='word_1_206' title='bbox 1198 1887 1290 1930; x_wconf 79' lang='lat' dir='ltr'>fere</span> 
     </span>
     <span class='ocr_line' id='line_1_30' title="bbox 66 1955 1289 2017; baseline 0 -20"><span class='ocrx_word' id='word_1_207' title='bbox 66 1955 340 2011; x_wconf 85' lang='lat' dir='ltr'>Ciceronem,</span> <span class='ocrx_word' id='word_1_208' title='bbox 356 1973 519 2000; x_wconf 90' lang='lat' dir='ltr'>novum</span> <span class='ocrx_word' id='word_1_209' title='bbox 537 1958 862 2017; x_wconf 84' lang='lat' dir='ltr'>ignobilemque</span> <span class='ocrx_word' id='word_1_210' title='bbox 878 1956 1042 2009; x_wconf 84' lang='lat' dir='ltr'>virum,</span> <span class='ocrx_word' id='word_1_211' title='bbox 1074 1955 1150 1998; x_wconf 89' lang='lat' dir='ltr'>sed</span> <span class='ocrx_word' id='word_1_212' title='bbox 1172 1971 1289 1998; x_wconf 91' lang='lat' dir='ltr'>sum-</span> 
     </span>
     <span class='ocr_line' id='line_1_31' title="bbox 65 2024 1289 2084; baseline 0.002 -20"><span class='ocrx_word' id='word_1_213' title='bbox 65 2038 186 2065; x_wconf 83' lang='lat' dir='ltr'>mum</span> <span class='ocrx_word' id='word_1_214' title='bbox 205 2024 288 2066; x_wconf 82' lang='lat' dir='ltr'>fori</span> <span class='ocrx_word' id='word_1_215' title='bbox 312 2040 483 2083; x_wconf 85' lang='lat' dir='ltr'>regem,</span> <span class='ocrx_word' id='word_1_216' title='bbox 506 2026 868 2084; x_wconf 85' lang='lat' dir='ltr'>triumphatorem</span> <span class='ocrx_word' id='word_1_217' title='bbox 886 2024 1131 2066; x_wconf 84' lang='lat' dir='ltr'>animorum</span> <span class='ocrx_word' id='word_1_218' title='bbox 1151 2024 1289 2066; x_wconf 88' lang='lat' dir='ltr'>invic-</span> 
     </span>
    </p>
   </div>
   <div class='ocr_carea' id='block_1_10' title="bbox 47 2090 1291 2151">
    <p class='ocr_par' dir='ltr' id='par_1_10' title="bbox 47 2090 1291 2151">
     <span class='ocr_line' id='line_1_32' title="bbox 47 2090 1291 2151; baseline 0.002 -21"><span class='ocrx_word' id='word_1_219' title='bbox 47 2090 303 2148; x_wconf 66' lang='lat' dir='ltr'>fissimum,</span> <span class='ocrx_word' id='word_1_220' title='bbox 332 2093 585 2151; x_wconf 85' lang='lat' dir='ltr'>potentibus</span> <span class='ocrx_word' id='word_1_221' title='bbox 618 2094 740 2150; x_wconf 84' lang='lat' dir='ltr'>aeque</span> <span class='ocrx_word' id='word_1_222' title='bbox 766 2107 816 2134; x_wconf 85' lang='lat' dir='ltr'>ac</span> <span class='ocrx_word' id='word_1_223' title='bbox 846 2092 929 2134; x_wconf 89' lang='lat' dir='ltr'>toti</span> <span class='ocrx_word' id='word_1_224' title='bbox 953 2090 1200 2150; x_wconf 78' lang='lat' dir='ltr'>reipublicae</span> <span class='ocrx_word' id='word_1_225' title='bbox 1218 2105 1291 2134; x_wconf 86' lang='lat' dir='ltr'>ne-</span> 
     </span>
    </p>
   </div>
   <div class='ocr_carea' id='block_1_11' title="bbox 71 2223 1291 2322">
    <p class='ocr_par' dir='ltr' id='par_1_11' title="bbox 71 2223 1291 2322">
     <span class='ocr_line' id='line_1_33' title="bbox 116 2223 1291 2265; baseline -0.001 -10"><span class='ocrx_word' id='word_1_226' title='bbox 116 2230 127 2246; x_wconf 83' lang='lat'><strong>¹</strong></span> <span class='ocrx_word' id='word_1_227' title='bbox 147 2225 197 2255; x_wconf 89' lang='lat' dir='ltr'>De</span> <span class='ocrx_word' id='word_1_228' title='bbox 215 2224 356 2256; x_wconf 84' lang='lat' dir='ltr'>Pindaro</span> <span class='ocrx_word' id='word_1_229' title='bbox 379 2233 411 2256; x_wconf 87' lang='lat' dir='ltr'>et</span> <span class='ocrx_word' id='word_1_230' title='bbox 430 2226 564 2256; x_wconf 71' lang='lat' dir='ltr'>Platone</span> <span class='ocrx_word' id='word_1_231' title='bbox 588 2225 685 2256; x_wconf 88' lang='lat' dir='ltr'>refert</span> <span class='ocrx_word' id='word_1_232' title='bbox 705 2226 822 2257; x_wconf 82' lang='lat' dir='ltr'>AElian.</span> <span class='ocrx_word' id='word_1_233' title='bbox 838 2225 861 2256; x_wconf 89' lang='lat' dir='ltr'>l.</span> <span class='ocrx_word' id='word_1_234' title='bbox 892 2235 931 2255; x_wconf 82' lang='lat'>12</span> <span class='ocrx_word' id='word_1_235' title='bbox 954 2235 1009 2255; x_wconf 86' lang='lat' dir='ltr'>eos</span> <span class='ocrx_word' id='word_1_236' title='bbox 1028 2223 1166 2255; x_wconf 85' lang='lat' dir='ltr'>infantes</span> <span class='ocrx_word' id='word_1_237' title='bbox 1190 2233 1291 2265; x_wconf 85' lang='lat' dir='ltr'>expo-</span> 
     </span>
     <span class='ocr_line' id='line_1_34' title="bbox 71 2279 1034 2322; baseline 0.001 -13"><span class='ocrx_word' id='word_1_238' title='bbox 71 2279 151 2309; x_wconf 77' lang='lat' dir='ltr'>sitos</span> <span class='ocrx_word' id='word_1_239' title='bbox 167 2279 262 2310; x_wconf 86' lang='lat' dir='ltr'>melle</span> <span class='ocrx_word' id='word_1_240' title='bbox 278 2280 448 2322; x_wconf 57' lang='lat' dir='ltr'>abupibus</span> <span class='ocrx_word' id='word_1_241' title='bbox 464 2281 637 2311; x_wconf 54' lang='lat' dir='ltr'>enutritos</span> <span class='ocrx_word' id='word_1_242' title='bbox 656 2297 703 2304; x_wconf 87' lang='lat'>-</span> <span class='ocrx_word' id='word_1_243' title='bbox 721 2285 734 2301; x_wconf 84' lang='lat'><em>²</em></span> <span class='ocrx_word' id='word_1_244' title='bbox 749 2280 820 2311; x_wconf 90' lang='lat' dir='ltr'>Lib.</span> <span class='ocrx_word' id='word_1_245' title='bbox 838 2281 904 2318; x_wconf 91' lang='lat'>111,</span> <span class='ocrx_word' id='word_1_246' title='bbox 928 2279 982 2311; x_wconf 88' lang='lat' dir='ltr'>od.</span> <span class='ocrx_word' id='word_1_247' title='bbox 1003 2284 1034 2316; x_wconf 81' lang='grc'>4.</span> 
     </span>
    </p>
   </div>
  </div>
 </body>
</html>
