<?xml version="1.0" encoding="UTF-8"?>
<!DOCTYPE html PUBLIC "-//W3C//DTD XHTML 1.0 Transitional//EN"
    "http://www.w3.org/TR/xhtml1/DTD/xhtml1-transitional.dtd">
<html xmlns="http://www.w3.org/1999/xhtml" xml:lang="en" lang="en">
 <head>
  <title>
</title>
<meta http-equiv="Content-Type" content="text/html;charset=utf-8" />
  <meta name='ocr-system' content='tesseract 3.04.00' />
  <meta name='ocr-capabilities' content='ocr_page ocr_carea ocr_par ocr_line ocrx_word'/>
</head>
<body>
  <div class='ocr_page' id='page_1' title='image "./quintushoratiusf02horauoft_0156.png"; bbox 0 0 1422 2528; ppageno 0'>
   <div class='ocr_carea' id='block_1_1' title="bbox 94 131 1323 904">
    <p class='ocr_par' dir='ltr' id='par_1_1' title="bbox 94 131 1323 904">
     <span class='ocr_line' id='line_1_1' title="bbox 94 131 943 180; baseline 0.008 -13"><span class='ocrx_word' id='word_1_1' title='bbox 94 131 95 134; x_wconf 77' lang='grc'>’</span> <span class='ocrx_word' id='word_1_2' title='bbox 140 143 184 176; x_wconf 66' lang='lat'><strong>94</strong></span> <span class='ocrx_word' id='word_1_3' title='bbox 520 141 560 180; x_wconf 85' lang='lat' dir='ltr'><strong>Q.</strong></span> <span class='ocrx_word' id='word_1_4' title='bbox 587 140 769 172; x_wconf 77' lang='lat' dir='ltr'><strong>noRA&#39;rn</strong></span> <span class='ocrx_word' id='word_1_5' title='bbox 793 142 943 174; x_wconf 78' lang='lat' dir='ltr'><strong>FLAcm</strong></span> 
     </span>
     <span class='ocr_line' id='line_1_2' title="bbox 245 194 873 246; baseline 0.011 -15"><span class='ocrx_word' id='word_1_6' title='bbox 245 194 402 233; x_wconf 84' lang='lat' dir='ltr'><strong>Ibericis</strong></span> <span class='ocrx_word' id='word_1_7' title='bbox 419 207 572 245; x_wconf 87' lang='lat' dir='ltr'><strong>peruste</strong></span> <span class='ocrx_word' id='word_1_8' title='bbox 591 199 743 237; x_wconf 86' lang='lat' dir='ltr'><strong>funibus</strong></span> <span class='ocrx_word' id='word_1_9' title='bbox 763 200 873 246; x_wconf 80' lang='lat' dir='ltr'><strong>latus,</strong></span> 
     </span>
     <span class='ocr_line' id='line_1_3' title="bbox 349 256 1151 310; baseline 0.01 -19"><span class='ocrx_word' id='word_1_10' title='bbox 349 257 396 292; x_wconf 91' lang='lat' dir='ltr'><strong>Et</strong></span> <span class='ocrx_word' id='word_1_11' title='bbox 413 269 524 293; x_wconf 86' lang='lat' dir='ltr'><strong>crura</strong></span> <span class='ocrx_word' id='word_1_12' title='bbox 543 256 639 294; x_wconf 70' lang='lat' dir='ltr'><strong>durzi</strong></span> <span class='ocrx_word' id='word_1_13' title='bbox 662 260 854 310; x_wconf 83' lang='lat' dir='ltr'>compede.</span> <span class='ocrx_word' id='word_1_14' title='bbox 1150 307 1151 310; x_wconf 11' lang='grc' dir='ltr'><strong>Ἴ</strong></span> 
     </span>
     <span class='ocr_line' id='line_1_4' title="bbox 244 313 1323 368; baseline 0.01 -19"><span class='ocrx_word' id='word_1_15' title='bbox 244 313 349 350; x_wconf 66' lang='lat' dir='ltr'><strong>Licet</strong></span> <span class='ocrx_word' id='word_1_16' title='bbox 368 315 554 364; x_wconf 86' lang='lat' dir='ltr'><strong>superbus</strong></span> <span class='ocrx_word' id='word_1_17' title='bbox 571 317 739 356; x_wconf 80' lang='lat' dir='ltr'>ambules</span> <span class='ocrx_word' id='word_1_18' title='bbox 759 327 772 340; x_wconf 83' lang='lat'>²</span> <span class='ocrx_word' id='word_1_19' title='bbox 789 319 965 368; x_wconf 73' lang='lat' dir='ltr'><strong>pecunia,</strong></span> <span class='ocrx_word' id='word_1_20' title='bbox 1309 330 1323 354; x_wconf 81' lang='lat'>⁵</span> 
     </span>
     <span class='ocr_line' id='line_1_5' title="bbox 348 376 885 428; baseline 0.011 -19"><span class='ocrx_word' id='word_1_21' title='bbox 348 376 516 412; x_wconf 79' lang='lat' dir='ltr'><strong>Fortuna</strong></span> <span class='ocrx_word' id='word_1_22' title='bbox 534 389 610 412; x_wconf 86' lang='lat' dir='ltr'><strong>non</strong></span> <span class='ocrx_word' id='word_1_23' title='bbox 623 386 742 414; x_wconf 87' lang='lat' dir='ltr'><strong>mutat</strong></span> <span class='ocrx_word' id='word_1_24' title='bbox 755 391 885 428; x_wconf 88' lang='lat' dir='ltr'><strong>genus.</strong></span> 
     </span>
     <span class='ocr_line' id='line_1_6' title="bbox 243 432 958 475; baseline 0.008 -6"><span class='ocrx_word' id='word_1_25' title='bbox 243 432 406 470; x_wconf 85' lang='lat' dir='ltr'>Videsne</span> <span class='ocrx_word' id='word_1_26' title='bbox 423 437 576 472; x_wconf 79' lang='lat' dir='ltr'>Sacram</span> <span class='ocrx_word' id='word_1_27' title='bbox 597 437 774 474; x_wconf 86' lang='lat' dir='ltr'>metiente</span> <span class='ocrx_word' id='word_1_28' title='bbox 793 447 830 474; x_wconf 88' lang='lat' dir='ltr'><strong>te</strong></span> <span class='ocrx_word' id='word_1_29' title='bbox 851 439 958 475; x_wconf 87' lang='lat' dir='ltr'>Viam</span> 
     </span>
     <span class='ocr_line' id='line_1_7' title="bbox 347 494 964 547; baseline 0.008 -17"><span class='ocrx_word' id='word_1_30' title='bbox 347 496 441 531; x_wconf 90' lang='lat' dir='ltr'><strong>Cum</strong></span> <span class='ocrx_word' id='word_1_31' title='bbox 460 494 518 532; x_wconf 90' lang='lat' dir='ltr'><strong>bis</strong></span> <span class='ocrx_word' id='word_1_32' title='bbox 535 497 650 533; x_wconf 90' lang='lat' dir='ltr'><strong>trium</strong></span> <span class='ocrx_word' id='word_1_33' title='bbox 671 497 843 534; x_wconf 86' lang='lat' dir='ltr'><strong>ulnarum</strong></span> <span class='ocrx_word' id='word_1_34' title='bbox 861 500 964 547; x_wconf 65' lang='lat' dir='ltr'><strong>toga,</strong></span> 
     </span>
     <span class='ocr_line' id='line_1_8' title="bbox 242 556 949 594; baseline 0.004 -3"><span class='ocrx_word' id='word_1_35' title='bbox 242 556 294 592; x_wconf 92' lang='lat' dir='ltr'><strong>Ut</strong></span> <span class='ocrx_word' id='word_1_36' title='bbox 313 566 381 591; x_wconf 85' lang='lat' dir='ltr'><strong>ora</strong></span> <span class='ocrx_word' id='word_1_37' title='bbox 398 565 519 592; x_wconf 80' lang='lat' dir='ltr'><strong>vertat</strong></span> <span class='ocrx_word' id='word_1_38' title='bbox 536 556 611 593; x_wconf 79' lang='lat' dir='ltr'><strong>huc</strong></span> <span class='ocrx_word' id='word_1_39' title='bbox 629 568 665 594; x_wconf 87' lang='lat' dir='ltr'><strong>et</strong></span> <span class='ocrx_word' id='word_1_40' title='bbox 685 557 759 594; x_wconf 74' lang='lat' dir='ltr'><strong>huc</strong></span> <span class='ocrx_word' id='word_1_41' title='bbox 777 558 949 594; x_wconf 84' lang='lat' dir='ltr'><strong>euntium</strong></span> 
     </span>
     <span class='ocr_line' id='line_1_9' title="bbox 346 613 1322 666; baseline 0.007 -16"><span class='ocrx_word' id='word_1_42' title='bbox 346 613 557 652; x_wconf 86' lang='lat' dir='ltr'><strong>Liberrima</strong></span> <span class='ocrx_word' id='word_1_43' title='bbox 575 616 809 666; x_wconf 80' lang='lat' dir='ltr'>indignatio?</span> <span class='ocrx_word' id='word_1_44' title='bbox 1292 635 1322 650; x_wconf 66' lang='grc' dir='ltr'><strong>ω</strong></span> 
     </span>
     <span class='ocr_line' id='line_1_10' title="bbox 242 674 1015 724; baseline 0.006 -15"><span class='ocrx_word' id='word_1_45' title='bbox 242 689 258 705; x_wconf 75' lang='grc' dir='ltr'><strong>α</strong></span> <span class='ocrx_word' id='word_1_46' title='bbox 275 675 406 710; x_wconf 87' lang='lat' dir='ltr'><strong>Sectus</strong></span> <span class='ocrx_word' id='word_1_47' title='bbox 426 674 580 724; x_wconf 84' lang='lat' dir='ltr'><strong>flagellis</strong></span> <span class='ocrx_word' id='word_1_48' title='bbox 601 675 662 712; x_wconf 90' lang='lat' dir='ltr'><strong>hic</strong></span> <span class='ocrx_word' id='word_1_49' title='bbox 683 675 983 714; x_wconf 78' lang='lat' dir='ltr'><strong>triumviralibus</strong></span> <span class='ocrx_word' id='word_1_50' title='bbox 1000 675 1015 698; x_wconf 81' lang='lat'>3</span> 
     </span>
     <span class='ocr_line' id='line_1_11' title="bbox 346 735 853 782; baseline 0.01 -13"><span class='ocrx_word' id='word_1_51' title='bbox 346 749 361 766; x_wconf 73' lang='grc' dir='ltr'><strong>»ι</strong></span> <span class='ocrx_word' id='word_1_52' title='bbox 375 735 562 772; x_wconf 87' lang='lat' dir='ltr'><strong>Praeconis</strong></span> <span class='ocrx_word' id='word_1_53' title='bbox 579 736 626 772; x_wconf 85' lang='lat' dir='ltr'><strong>ad</strong></span> <span class='ocrx_word' id='word_1_54' title='bbox 644 737 853 782; x_wconf 80' lang='lat' dir='ltr'><strong>fastidium,</strong></span> 
     </span>
     <span class='ocr_line' id='line_1_12' title="bbox 241 794 942 846; baseline 0.007 -17"><span class='ocrx_word' id='word_1_55' title='bbox 241 807 257 824; x_wconf 74' lang='lat'><strong>³&gt;</strong></span> <span class='ocrx_word' id='word_1_56' title='bbox 273 794 366 830; x_wconf 81' lang='lat' dir='ltr'><strong>Arat</strong></span> <span class='ocrx_word' id='word_1_57' title='bbox 383 794 530 830; x_wconf 79' lang='lat' dir='ltr'><strong>Falerni</strong></span> <span class='ocrx_word' id='word_1_58' title='bbox 551 795 650 832; x_wconf 89' lang='lat' dir='ltr'><strong>mille</strong></span> <span class='ocrx_word' id='word_1_59' title='bbox 671 796 776 833; x_wconf 86' lang='lat' dir='ltr'><strong>fundi</strong></span> <span class='ocrx_word' id='word_1_60' title='bbox 790 797 942 846; x_wconf 80' lang='lat' dir='ltr'><strong>jugera,</strong></span> 
     </span>
     <span class='ocr_line' id='line_1_13' title="bbox 343 854 892 904; baseline 0.009 -16"><span class='ocrx_word' id='word_1_61' title='bbox 343 869 359 886; x_wconf 87' lang='lat'>»</span> <span class='ocrx_word' id='word_1_62' title='bbox 375 855 421 890; x_wconf 88' lang='lat' dir='ltr'><strong>Et</strong></span> <span class='ocrx_word' id='word_1_63' title='bbox 439 854 602 904; x_wconf 87' lang='lat' dir='ltr'>Appiam</span> <span class='ocrx_word' id='word_1_64' title='bbox 621 856 763 893; x_wconf 85' lang='lat' dir='ltr'><strong>mannis</strong></span> <span class='ocrx_word' id='word_1_65' title='bbox 785 857 892 903; x_wconf 81' lang='lat' dir='ltr'><strong>terit,</strong></span> 
     </span>
    </p>
   </div>
   <div class='ocr_carea' id='block_1_2' title="bbox 132 1043 704 2228">
    <p class='ocr_par' dir='ltr' id='par_1_2' title="bbox 132 1043 700 1588">
     <span class='ocr_line' id='line_1_14' title="bbox 135 1043 698 1086; baseline 0.011 -15"><span class='ocrx_word' id='word_1_66' title='bbox 135 1047 316 1083; x_wconf 74' lang='lat' dir='ltr'><strong>usurpatur.</strong></span> <span class='ocrx_word' id='word_1_67' title='bbox 331 1061 379 1067; x_wconf 93' lang='lat'><strong>—-</strong></span> <span class='ocrx_word' id='word_1_68' title='bbox 397 1044 524 1076; x_wconf 82' lang='lat' dir='ltr'><strong>Ibericis</strong></span> <span class='ocrx_word' id='word_1_69' title='bbox 537 1043 675 1086; x_wconf 83' lang='lat' dir='ltr'><strong>funibus</strong></span> <span class='ocrx_word' id='word_1_70' title='bbox 687 1058 698 1078; x_wconf 94' lang='lat'><em>:</em></span> 
     </span>
     <span class='ocr_line' id='line_1_15' title="bbox 136 1088 699 1134; baseline 0.011 -16"><span class='ocrx_word' id='word_1_71' title='bbox 136 1088 302 1129; x_wconf 78' lang='lat' dir='ltr'><strong>Hispanis3</strong></span> <span class='ocrx_word' id='word_1_72' title='bbox 327 1098 470 1131; x_wconf 85' lang='lat' dir='ltr'><strong>spartum</strong></span> <span class='ocrx_word' id='word_1_73' title='bbox 494 1092 577 1122; x_wconf 82' lang='lat' dir='ltr'><strong>enim</strong></span> <span class='ocrx_word' id='word_1_74' title='bbox 597 1092 613 1123; x_wconf 77' lang='lat' dir='ltr'><strong>a</strong></span> <span class='ocrx_word' id='word_1_75' title='bbox 633 1103 699 1134; x_wconf 88' lang='lat' dir='ltr'><strong>quo</strong></span> 
     </span>
     <span class='ocr_line' id='line_1_16' title="bbox 135 1133 700 1179; baseline 0.011 -16"><span class='ocrx_word' id='word_1_76' title='bbox 135 1133 226 1164; x_wconf 85' lang='lat' dir='ltr'><strong>funes</strong></span> <span class='ocrx_word' id='word_1_77' title='bbox 250 1137 388 1166; x_wconf 82' lang='lat' dir='ltr'><strong>confecti</strong></span> <span class='ocrx_word' id='word_1_78' title='bbox 405 1145 512 1176; x_wconf 85' lang='lat' dir='ltr'><strong>erant,</strong></span> <span class='ocrx_word' id='word_1_79' title='bbox 530 1138 570 1168; x_wconf 83' lang='lat' dir='ltr'><strong>ab</strong></span> <span class='ocrx_word' id='word_1_80' title='bbox 587 1141 700 1179; x_wconf 84' lang='lat' dir='ltr'><strong>Hispa-</strong></span> 
     </span>
     <span class='ocr_line' id='line_1_17' title="bbox 134 1179 698 1226; baseline 0.009 -16"><span class='ocrx_word' id='word_1_81' title='bbox 134 1179 205 1218; x_wconf 70' lang='lat' dir='ltr'><strong>nia,</strong></span> <span class='ocrx_word' id='word_1_82' title='bbox 229 1181 264 1210; x_wconf 88' lang='lat' dir='ltr'><strong>in</strong></span> <span class='ocrx_word' id='word_1_83' title='bbox 293 1182 355 1222; x_wconf 69' lang='lat' dir='ltr'><strong>qua</strong></span> <span class='ocrx_word' id='word_1_84' title='bbox 391 1183 501 1214; x_wconf 84' lang='lat' dir='ltr'><strong>Iberus</strong></span> <span class='ocrx_word' id='word_1_85' title='bbox 525 1184 698 1226; x_wconf 84' lang='lat' dir='ltr'><strong>(I&#39;Ebre),</strong></span> 
     </span>
     <span class='ocr_line' id='line_1_18' title="bbox 132 1227 700 1269; baseline 0.009 -13"><span class='ocrx_word' id='word_1_86' title='bbox 132 1227 294 1268; x_wconf 76' lang='lat' dir='ltr'><strong>praecipue</strong></span> <span class='ocrx_word' id='word_1_87' title='bbox 301 1228 480 1269; x_wconf 80' lang='lat' dir='ltr'><strong>petebatur.</strong></span> <span class='ocrx_word' id='word_1_88' title='bbox 491 1247 536 1254; x_wconf 86' lang='lat'><strong>—-</strong></span> <span class='ocrx_word' id='word_1_89' title='bbox 546 1233 675 1261; x_wconf 76' lang='lat' dir='ltr'><strong>Per-uste</strong></span> <span class='ocrx_word' id='word_1_90' title='bbox 687 1242 700 1261; x_wconf 92' lang='lat'><strong>.·</strong></span> 
     </span>
     <span class='ocr_line' id='line_1_19' title="bbox 132 1273 700 1318; baseline 0.009 -16"><span class='ocrx_word' id='word_1_91' title='bbox 132 1273 210 1303; x_wconf 82' lang='lat' dir='ltr'><strong>loris</strong></span> <span class='ocrx_word' id='word_1_92' title='bbox 225 1274 286 1311; x_wconf 86' lang='lat' dir='ltr'><strong>uri,</strong></span> <span class='ocrx_word' id='word_1_93' title='bbox 308 1275 466 1316; x_wconf 82' lang='lat' dir='ltr'><strong>eleganter</strong></span> <span class='ocrx_word' id='word_1_94' title='bbox 481 1275 609 1314; x_wconf 88' lang='lat' dir='ltr'><strong>dicitur,</strong></span> <span class='ocrx_word' id='word_1_95' title='bbox 620 1287 679 1318; x_wconf 86' lang='lat' dir='ltr'><strong>pro</strong></span> <span class='ocrx_word' id='word_1_96' title='bbox 690 1299 700 1314; x_wconf 88' lang='lat'>‚</span> 
     </span>
     <span class='ocr_line' id='line_1_20' title="bbox 133 1317 699 1362; baseline 0.005 -14"><span class='ocrx_word' id='word_1_97' title='bbox 133 1317 239 1360; x_wconf 83' lang='lat' dir='ltr'><strong>flagris</strong></span> <span class='ocrx_word' id='word_1_98' title='bbox 267 1321 367 1356; x_wconf 84' lang='lat' dir='ltr'><strong>caedi;</strong></span> <span class='ocrx_word' id='word_1_99' title='bbox 388 1320 523 1361; x_wconf 83' lang='lat' dir='ltr'><strong>flagrum</strong></span> <span class='ocrx_word' id='word_1_100' title='bbox 553 1324 658 1362; x_wconf 90' lang='lat' dir='ltr'><strong>ipsum</strong></span> <span class='ocrx_word' id='word_1_101' title='bbox 682 1322 699 1352; x_wconf 70' lang='lat' dir='ltr'><strong>a</strong></span> 
     </span>
     <span class='ocr_line' id='line_1_21' title="bbox 132 1365 699 1409; baseline 0.005 -15"><span class='ocrx_word' id='word_1_102' title='bbox 132 1365 234 1409; x_wconf 80' lang='lat' dir='ltr'><strong>verbo</strong></span> <span class='ocrx_word' id='word_1_103' title='bbox 253 1365 406 1409; x_wconf 79' lang='lat' dir='ltr'><strong>flagrare</strong></span> <span class='ocrx_word' id='word_1_104' title='bbox 427 1367 599 1405; x_wconf 83' lang='lat' dir='ltr'><strong>derivatur,</strong></span> <span class='ocrx_word' id='word_1_105' title='bbox 625 1367 699 1408; x_wconf 77' lang='lat' dir='ltr'><strong>quia</strong></span> 
     </span>
     <span class='ocr_line' id='line_1_22' title="bbox 133 1410 700 1454; baseline 0.005 -14"><span class='ocrx_word' id='word_1_106' title='bbox 133 1410 249 1451; x_wconf 71' lang='lat' dir='ltr'><strong>nempe</strong></span> <span class='ocrx_word' id='word_1_107' title='bbox 261 1412 389 1442; x_wconf 86' lang='lat' dir='ltr'><strong>eosdem</strong></span> <span class='ocrx_word' id='word_1_108' title='bbox 403 1412 467 1442; x_wconf 76' lang='lat' dir='ltr'><strong>fere</strong></span> <span class='ocrx_word' id='word_1_109' title='bbox 484 1413 608 1442; x_wconf 88' lang='lat' dir='ltr'><strong>dolores</strong></span> <span class='ocrx_word' id='word_1_110' title='bbox 619 1414 700 1454; x_wconf 83' lang='lat' dir='ltr'><strong>ignis</strong></span> 
     </span>
     <span class='ocr_line' id='line_1_23' title="bbox 133 1456 699 1499; baseline 0.004 -13"><span class='ocrx_word' id='word_1_111' title='bbox 133 1462 165 1486; x_wconf 87' lang='lat' dir='ltr'><strong>et</strong></span> <span class='ocrx_word' id='word_1_112' title='bbox 177 1456 345 1498; x_wconf 82' lang='lat' dir='ltr'><strong>flagellatio</strong></span> <span class='ocrx_word' id='word_1_113' title='bbox 364 1460 502 1499; x_wconf 87' lang='lat' dir='ltr'><strong>pariunt.</strong></span> <span class='ocrx_word' id='word_1_114' title='bbox 528 1458 617 1488; x_wconf 87' lang='lat' dir='ltr'><strong>Loris</strong></span> <span class='ocrx_word' id='word_1_115' title='bbox 635 1469 699 1488; x_wconf 82' lang='lat' dir='ltr'><strong>non</strong></span> 
     </span>
     <span class='ocr_line' id='line_1_24' title="bbox 135 1502 698 1545; baseline 0.004 -13"><span class='ocrx_word' id='word_1_116' title='bbox 135 1502 251 1541; x_wconf 83' lang='lat' dir='ltr'><strong>ureris,</strong></span> <span class='ocrx_word' id='word_1_117' title='bbox 286 1503 358 1542; x_wconf 84' lang='lat' dir='ltr'><strong>aio,</strong></span> <span class='ocrx_word' id='word_1_118' title='bbox 400 1503 502 1543; x_wconf 67' lang='lat' dir='ltr'><strong>infra,</strong></span> <span class='ocrx_word' id='word_1_119' title='bbox 530 1506 630 1545; x_wconf 84' lang='lat' dir='ltr'><strong>Epist.</strong></span> <span class='ocrx_word' id='word_1_120' title='bbox 667 1505 698 1541; x_wconf 93' lang='lat'><strong>1,</strong></span> 
     </span>
     <span class='ocr_line' id='line_1_25' title="bbox 138 1549 274 1588; baseline 0.015 -3"><span class='ocrx_word' id='word_1_121' title='bbox 138 1549 198 1586; x_wconf 87' lang='lat'><strong>16,</strong></span> <span class='ocrx_word' id='word_1_122' title='bbox 220 1554 274 1588; x_wconf 74' lang='lat'><strong>47-</strong></span> 
     </span>
    </p>

    <p class='ocr_par' dir='ltr' id='par_1_3' title="bbox 135 1595 704 2228">
     <span class='ocr_line' id='line_1_26' title="bbox 183 1595 698 1638; baseline 0.004 -13"><span class='ocrx_word' id='word_1_123' title='bbox 183 1605 213 1626; x_wconf 87' lang='lat'><strong>2.</strong></span> <span class='ocrx_word' id='word_1_124' title='bbox 232 1595 384 1626; x_wconf 82' lang='lat' dir='ltr'><strong>Ambules</strong></span> <span class='ocrx_word' id='word_1_125' title='bbox 402 1607 414 1626; x_wconf 90' lang='lat'><em>:</em></span> <span class='ocrx_word' id='word_1_126' title='bbox 433 1597 599 1638; x_wconf 76' lang='lat' dir='ltr'><strong>graphice;</strong></span> <span class='ocrx_word' id='word_1_127' title='bbox 621 1607 698 1638; x_wconf 86' lang='lat' dir='ltr'><strong>prae-</strong></span> 
     </span>
     <span class='ocr_line' id='line_1_27' title="bbox 135 1641 698 1684; baseline 0.005 -13"><span class='ocrx_word' id='word_1_128' title='bbox 135 1641 228 1681; x_wconf 77' lang='lat' dir='ltr'><strong>cipue</strong></span> <span class='ocrx_word' id='word_1_129' title='bbox 241 1642 366 1672; x_wconf 80' lang='lat' dir='ltr'><strong>incessu</strong></span> <span class='ocrx_word' id='word_1_130' title='bbox 381 1649 467 1683; x_wconf 82' lang='lat' dir='ltr'><strong>patet</strong></span> <span class='ocrx_word' id='word_1_131' title='bbox 481 1644 640 1684; x_wconf 82' lang='lat' dir='ltr'><strong>superbia.</strong></span> <span class='ocrx_word' id='word_1_132' title='bbox 652 1660 698 1666; x_wconf 91' lang='lat'><strong>--</strong></span> 
     </span>
     <span class='ocr_line' id='line_1_28' title="bbox 136 1688 697 1730; baseline 0.005 -13"><span class='ocrx_word' id='word_1_133' title='bbox 136 1688 278 1718; x_wconf 78' lang='lat' dir='ltr'><strong>Fortuna</strong></span> <span class='ocrx_word' id='word_1_134' title='bbox 301 1699 365 1718; x_wconf 82' lang='lat' dir='ltr'><strong>non</strong></span> <span class='ocrx_word' id='word_1_135' title='bbox 391 1696 495 1719; x_wconf 81' lang='lat' dir='ltr'><strong>mutat</strong></span> <span class='ocrx_word' id='word_1_136' title='bbox 509 1700 612 1730; x_wconf 82' lang='lat' dir='ltr'><strong>genus</strong></span> <span class='ocrx_word' id='word_1_137' title='bbox 627 1700 638 1719; x_wconf 90' lang='lat'><em>:</em></span> <span class='ocrx_word' id='word_1_138' title='bbox 658 1690 697 1720; x_wconf 87' lang='lat' dir='ltr'><strong>ad</strong></span> 
     </span>
     <span class='ocr_line' id='line_1_29' title="bbox 135 1735 702 1776; baseline 0.004 -13"><span class='ocrx_word' id='word_1_139' title='bbox 135 1743 204 1763; x_wconf 83' lang='lat' dir='ltr'><strong>eam</strong></span> <span class='ocrx_word' id='word_1_140' title='bbox 219 1735 407 1764; x_wconf 86' lang='lat' dir='ltr'><strong>sententiam</strong></span> <span class='ocrx_word' id='word_1_141' title='bbox 428 1737 601 1776; x_wconf 80' lang='lat' dir='ltr'><strong>respexisse</strong></span> <span class='ocrx_word' id='word_1_142' title='bbox 618 1735 702 1766; x_wconf 90' lang='lat' dir='ltr'><strong>vide-</strong></span> 
     </span>
     <span class='ocr_line' id='line_1_30' title="bbox 136 1781 703 1821; baseline 0.005 -13"><span class='ocrx_word' id='word_1_143' title='bbox 136 1785 190 1809; x_wconf 86' lang='lat' dir='ltr'><strong>tur</strong></span> <span class='ocrx_word' id='word_1_144' title='bbox 203 1790 334 1821; x_wconf 85' lang='lat' dir='ltr'><strong>magnus</strong></span> <span class='ocrx_word' id='word_1_145' title='bbox 343 1781 396 1811; x_wconf 90' lang='lat' dir='ltr'><strong>ille</strong></span> <span class='ocrx_word' id='word_1_146' title='bbox 407 1781 533 1812; x_wconf 88' lang='lat' dir='ltr'><strong>Cornel.</strong></span> <span class='ocrx_word' id='word_1_147' title='bbox 546 1791 554 1812; x_wconf 89' lang='lat'>:</span> <span class='ocrx_word' id='word_1_148' title='bbox 577 1781 703 1812; x_wconf 80' lang='lat' dir='ltr'><strong>Jamais</strong></span> 
     </span>
     <span class='ocr_line' id='line_1_31' title="bbox 136 1824 704 1868; baseline 0.009 -15"><span class='ocrx_word' id='word_1_149' title='bbox 136 1835 179 1854; x_wconf 86' lang='lat' dir='ltr'><strong>un</strong></span> <span class='ocrx_word' id='word_1_150' title='bbox 191 1824 362 1868; x_wconf 78' lang='lat' dir='ltr'><strong>affianclu&#39;</strong></span> <span class='ocrx_word' id='word_1_151' title='bbox 379 1829 463 1857; x_wconf 82' lang='lat' dir='ltr'><strong>n&#39;ese</strong></span> <span class='ocrx_word' id='word_1_152' title='bbox 477 1829 574 1868; x_wconf 83' lang='lat' dir='ltr'><strong>qu&#39;un</strong></span> <span class='ocrx_word' id='word_1_153' title='bbox 586 1828 704 1859; x_wconf 76' lang='lat' dir='ltr'><strong>esclave</strong></span> 
     </span>
     <span class='ocr_line' id='line_1_32' title="bbox 135 1869 702 1916; baseline 0.007 -16"><span class='ocrx_word' id='word_1_154' title='bbox 135 1869 268 1912; x_wconf 68' lang='lat' dir='ltr'><strong>infdme;</strong></span> <span class='ocrx_word' id='word_1_155' title='bbox 279 1872 360 1902; x_wconf 83' lang='lat' dir='ltr'><strong>Bien</strong></span> <span class='ocrx_word' id='word_1_156' title='bbox 368 1873 448 1913; x_wconf 83' lang='lat' dir='ltr'><strong>qn&#39;il</strong></span> <span class='ocrx_word' id='word_1_157' title='bbox 453 1873 577 1916; x_wconf 79' lang='lat' dir='ltr'><strong>change</strong></span> <span class='ocrx_word' id='word_1_158' title='bbox 589 1874 702 1911; x_wconf 78' lang='lat' dir='ltr'><strong>d&#39;e&#39;tat,</strong></span> 
     </span>
     <span class='ocr_line' id='line_1_33' title="bbox 137 1917 702 1960; baseline 0.007 -14"><span class='ocrx_word' id='word_1_159' title='bbox 137 1917 162 1947; x_wconf 84' lang='lat' dir='ltr'><strong>il</strong></span> <span class='ocrx_word' id='word_1_160' title='bbox 170 1928 210 1947; x_wconf 84' lang='lat' dir='ltr'><strong>ne</strong></span> <span class='ocrx_word' id='word_1_161' title='bbox 218 1917 343 1960; x_wconf 74' lang='lat' dir='ltr'><strong>change</strong></span> <span class='ocrx_word' id='word_1_162' title='bbox 350 1920 443 1959; x_wconf 79' lang='lat' dir='ltr'><strong>point</strong></span> <span class='ocrx_word' id='word_1_163' title='bbox 450 1919 559 1949; x_wconf 72' lang='lat' dir='ltr'><strong>d’a‘me</strong></span> <span class='ocrx_word' id='word_1_164' title='bbox 569 1932 579 1956; x_wconf 90' lang='lat'><strong>,·</strong></span> <span class='ocrx_word' id='word_1_165' title='bbox 591 1921 702 1958; x_wconf 84' lang='lat' dir='ltr'>Cinna,</span> 
     </span>
     <span class='ocr_line' id='line_1_34' title="bbox 138 1965 701 2002; baseline 0.005 -9"><span class='ocrx_word' id='word_1_166' title='bbox 138 1970 199 1994; x_wconf 81' lang='lat' dir='ltr'><strong>act.</strong></span> <span class='ocrx_word' id='word_1_167' title='bbox 221 1965 279 2002; x_wconf 90' lang='lat' dir='ltr'><strong>IV,</strong></span> <span class='ocrx_word' id='word_1_168' title='bbox 295 1975 381 1996; x_wconf 87' lang='lat' dir='ltr'><strong>scen.</strong></span> <span class='ocrx_word' id='word_1_169' title='bbox 402 1966 434 1996; x_wconf 86' lang='lat'><strong>6.</strong></span> <span class='ocrx_word' id='word_1_170' title='bbox 454 1983 500 1989; x_wconf 91' lang='lat'><strong>--</strong></span> <span class='ocrx_word' id='word_1_171' title='bbox 527 1966 620 1996; x_wconf 87' lang='lat' dir='ltr'><strong>Viam</strong></span> <span class='ocrx_word' id='word_1_172' title='bbox 642 1968 701 1996; x_wconf 89' lang='lat' dir='ltr'><strong>Sa·</strong></span> 
     </span>
     <span class='ocr_line' id='line_1_35' title="bbox 136 2012 702 2053; baseline 0.005 -14"><span class='ocrx_word' id='word_1_173' title='bbox 136 2020 244 2040; x_wconf 79' lang='lat' dir='ltr'><strong>cram:</strong></span> <span class='ocrx_word' id='word_1_174' title='bbox 259 2021 355 2040; x_wconf 89' lang='lat' dir='ltr'><strong>unam</strong></span> <span class='ocrx_word' id='word_1_175' title='bbox 370 2023 410 2042; x_wconf 77' lang='lat' dir='ltr'><strong>ex</strong></span> <span class='ocrx_word' id='word_1_176' title='bbox 424 2013 462 2042; x_wconf 89' lang='lat' dir='ltr'><strong>iis</strong></span> <span class='ocrx_word' id='word_1_177' title='bbox 471 2023 542 2053; x_wconf 76' lang='lat' dir='ltr'><strong>quae</strong></span> <span class='ocrx_word' id='word_1_178' title='bbox 555 2012 702 2052; x_wconf 85' lang='lat' dir='ltr'><strong>frequen-</strong></span> 
     </span>
     <span class='ocr_line' id='line_1_36' title="bbox 136 2056 700 2089; baseline 0.007 -4"><span class='ocrx_word' id='word_1_179' title='bbox 136 2057 256 2086; x_wconf 90' lang='lat' dir='ltr'><strong>tissimo</strong></span> <span class='ocrx_word' id='word_1_180' title='bbox 275 2056 442 2087; x_wconf 89' lang='lat' dir='ltr'><strong>hominum</strong></span> <span class='ocrx_word' id='word_1_181' title='bbox 462 2069 619 2088; x_wconf 87' lang='lat' dir='ltr'><strong>concursu</strong></span> <span class='ocrx_word' id='word_1_182' title='bbox 639 2060 700 2089; x_wconf 80' lang='lat' dir='ltr'><strong>Ro-</strong></span> 
     </span>
     <span class='ocr_line' id='line_1_37' title="bbox 137 2103 700 2145; baseline 0.004 -13"><span class='ocrx_word' id='word_1_183' title='bbox 137 2112 197 2132; x_wconf 88' lang='lat' dir='ltr'><strong>mae</strong></span> <span class='ocrx_word' id='word_1_184' title='bbox 218 2103 390 2141; x_wconf 88' lang='lat' dir='ltr'><strong>terebatur,</strong></span> <span class='ocrx_word' id='word_1_185' title='bbox 403 2105 435 2133; x_wconf 89' lang='lat' dir='ltr'><strong>in</strong></span> <span class='ocrx_word' id='word_1_186' title='bbox 460 2104 521 2144; x_wconf 68' lang='lat' dir='ltr'><strong>qua</strong></span> <span class='ocrx_word' id='word_1_187' title='bbox 534 2115 599 2134; x_wconf 86' lang='lat' dir='ltr'><strong>sese</strong></span> <span class='ocrx_word' id='word_1_188' title='bbox 614 2104 700 2145; x_wconf 89' lang='lat' dir='ltr'><strong>plebi</strong></span> 
     </span>
     <span class='ocr_line' id='line_1_38' title="bbox 139 2149 701 2191; baseline 0.002 -13"><span class='ocrx_word' id='word_1_189' title='bbox 139 2155 295 2179; x_wconf 88' lang='lat' dir='ltr'><strong>ostentare</strong></span> <span class='ocrx_word' id='word_1_190' title='bbox 314 2149 386 2180; x_wconf 77' lang='lat' dir='ltr'><strong>ideo</strong></span> <span class='ocrx_word' id='word_1_191' title='bbox 399 2151 549 2191; x_wconf 82' lang='lat' dir='ltr'><strong>gestiebat</strong></span> <span class='ocrx_word' id='word_1_192' title='bbox 568 2150 701 2180; x_wconf 85' lang='lat' dir='ltr'><strong>libertus</strong></span> 
     </span>
     <span class='ocr_line' id='line_1_39' title="bbox 136 2195 704 2228; baseline 0.005 -4"><span class='ocrx_word' id='word_1_193' title='bbox 136 2195 206 2227; x_wconf 79' lang='lat' dir='ltr'><strong>iste.</strong></span> <span class='ocrx_word' id='word_1_194' title='bbox 224 2212 271 2220; x_wconf 88' lang='lat'><strong>--</strong></span> <span class='ocrx_word' id='word_1_195' title='bbox 284 2195 439 2226; x_wconf 80' lang='lat' dir='ltr'><strong>Metiente</strong></span> <span class='ocrx_word' id='word_1_196' title='bbox 452 2207 463 2226; x_wconf 83' lang='grc'><strong>.-</strong></span> <span class='ocrx_word' id='word_1_197' title='bbox 476 2196 564 2228; x_wconf 88' lang='lat' dir='ltr'><strong>lento</strong></span> <span class='ocrx_word' id='word_1_198' title='bbox 575 2203 606 2226; x_wconf 87' lang='lat' dir='ltr'><strong>et</strong></span> <span class='ocrx_word' id='word_1_199' title='bbox 620 2206 704 2227; x_wconf 86' lang='lat' dir='ltr'><strong>com·</strong></span> 
     </span>
    </p>
   </div>
   <div class='ocr_carea' id='block_1_3' title="bbox 750 1040 1364 2237">
    <p class='ocr_par' dir='ltr' id='par_1_4' title="bbox 750 1040 1364 2237">
     <span class='ocr_line' id='line_1_40' title="bbox 753 1040 1318 1088; baseline -0.011 -10"><span class='ocrx_word' id='word_1_200' title='bbox 753 1047 858 1088; x_wconf 87' lang='lat' dir='ltr'><strong>posito</strong></span> <span class='ocrx_word' id='word_1_201' title='bbox 880 1045 980 1087; x_wconf 83' lang='lat' dir='ltr'><strong>gradu</strong></span> <span class='ocrx_word' id='word_1_202' title='bbox 991 1067 1000 1083; x_wconf 90' lang='lat'>‚</span> <span class='ocrx_word' id='word_1_203' title='bbox 1017 1043 1056 1075; x_wconf 83' lang='lat' dir='ltr'><strong>ad</strong></span> <span class='ocrx_word' id='word_1_204' title='bbox 1074 1044 1252 1085; x_wconf 82' lang='lat' dir='ltr'><strong>longiorem</strong></span> <span class='ocrx_word' id='word_1_205' title='bbox 1268 1040 1318 1073; x_wconf 82' lang='lat' dir='ltr'><strong>sui</strong></span> 
     </span>
     <span class='ocr_line' id='line_1_41' title="bbox 753 1087 1319 1123; baseline -0.011 0"><span class='ocrx_word' id='word_1_206' title='bbox 753 1094 1011 1123; x_wconf 80' lang='lat' dir='ltr'><strong>ostentationem.</strong></span> <span class='ocrx_word' id='word_1_207' title='bbox 1027 1109 1074 1114; x_wconf 97' lang='lat'><strong>—</strong></span> <span class='ocrx_word' id='word_1_208' title='bbox 1091 1090 1145 1120; x_wconf 83' lang='lat' dir='ltr'><strong>Bis</strong></span> <span class='ocrx_word' id='word_1_209' title='bbox 1159 1089 1252 1120; x_wconf 75' lang='lat' dir='ltr'><strong>etium</strong></span> <span class='ocrx_word' id='word_1_210' title='bbox 1273 1087 1319 1118; x_wconf 82' lang='lat' dir='ltr'><strong>ul-</strong></span> 
     </span>
     <span class='ocr_line' id='line_1_42' title="bbox 754 1134 1318 1180; baseline -0.007 -12"><span class='ocrx_word' id='word_1_211' title='bbox 754 1149 869 1168; x_wconf 84' lang='lat' dir='ltr'><strong>narum</strong></span> <span class='ocrx_word' id='word_1_212' title='bbox 884 1135 959 1180; x_wconf 77' lang='lat' dir='ltr'><strong>togc‘z&#39;</strong></span> <span class='ocrx_word' id='word_1_213' title='bbox 971 1149 983 1167; x_wconf 92' lang='lat'><strong>.·</strong></span> <span class='ocrx_word' id='word_1_214' title='bbox 998 1138 1091 1167; x_wconf 71' lang='lat' dir='ltr'><strong>terin</strong></span> <span class='ocrx_word' id='word_1_215' title='bbox 1113 1136 1222 1166; x_wconf 85' lang='lat' dir='ltr'><strong>multis</strong></span> <span class='ocrx_word' id='word_1_216' title='bbox 1233 1134 1318 1166; x_wconf 89' lang='lat' dir='ltr'><strong>codi-</strong></span> 
     </span>
     <span class='ocr_line' id='line_1_43' title="bbox 752 1181 1318 1225; baseline -0.009 -10"><span class='ocrx_word' id='word_1_217' title='bbox 752 1185 842 1215; x_wconf 83' lang='lat' dir='ltr'><strong>cibus</strong></span> <span class='ocrx_word' id='word_1_218' title='bbox 851 1207 860 1222; x_wconf 94' lang='lat'><strong><em>‚</em></strong></span> <span class='ocrx_word' id='word_1_219' title='bbox 874 1194 934 1225; x_wconf 92' lang='lat' dir='ltr'><strong>pro</strong></span> <span class='ocrx_word' id='word_1_220' title='bbox 943 1183 1049 1214; x_wconf 80' lang='lat' dir='ltr'><strong>crium.</strong></span> <span class='ocrx_word' id='word_1_221' title='bbox 1062 1181 1197 1213; x_wconf 81' lang='lat' dir='ltr'><strong>Bentleii</strong></span> <span class='ocrx_word' id='word_1_222' title='bbox 1212 1191 1318 1211; x_wconf 84' lang='lat' dir='ltr'><strong>emen-</strong></span> 
     </span>
     <span class='ocr_line' id='line_1_44' title="bbox 753 1229 1318 1261; baseline -0.009 0"><span class='ocrx_word' id='word_1_223' title='bbox 753 1230 911 1261; x_wconf 84' lang='lat' dir='ltr'><strong>dationem</strong></span> <span class='ocrx_word' id='word_1_224' title='bbox 925 1236 1051 1260; x_wconf 83' lang='lat' dir='ltr'><strong>secutus</strong></span> <span class='ocrx_word' id='word_1_225' title='bbox 1059 1238 1140 1260; x_wconf 83' lang='lat' dir='ltr'><strong>sum.</strong></span> <span class='ocrx_word' id='word_1_226' title='bbox 1152 1244 1198 1251; x_wconf 92' lang='lat'><strong>—-</strong></span> <span class='ocrx_word' id='word_1_227' title='bbox 1211 1229 1253 1257; x_wconf 82' lang='lat' dir='ltr'><strong>Ue</strong></span> <span class='ocrx_word' id='word_1_228' title='bbox 1261 1237 1318 1256; x_wconf 87' lang='lat' dir='ltr'><strong>ora</strong></span> 
     </span>
     <span class='ocr_line' id='line_1_45' title="bbox 753 1273 1318 1312; baseline -0.007 -7"><span class='ocrx_word' id='word_1_229' title='bbox 753 1283 864 1306; x_wconf 78' lang='lat' dir='ltr'><strong>vercae</strong></span> <span class='ocrx_word' id='word_1_230' title='bbox 878 1275 938 1305; x_wconf 79' lang='grc' dir='ltr'><strong>Ιιίισ</strong></span> <span class='ocrx_word' id='word_1_231' title='bbox 951 1283 983 1306; x_wconf 82' lang='lat' dir='ltr'><strong>et</strong></span> <span class='ocrx_word' id='word_1_232' title='bbox 1000 1275 1060 1306; x_wconf 63' lang='lat' dir='ltr'><strong>hiae</strong></span> <span class='ocrx_word' id='word_1_233' title='bbox 1069 1285 1080 1306; x_wconf 94' lang='lat'><strong>.·</strong></span> <span class='ocrx_word' id='word_1_234' title='bbox 1092 1274 1152 1312; x_wconf 54' lang='lat' dir='ltr'><strong>‚vel</strong></span> <span class='ocrx_word' id='word_1_235' title='bbox 1169 1273 1231 1303; x_wconf 78' lang='lat' dir='ltr'><strong>alio</strong></span> <span class='ocrx_word' id='word_1_236' title='bbox 1247 1283 1318 1302; x_wconf 88' lang='lat' dir='ltr'><strong>ver-</strong></span> 
     </span>
     <span class='ocr_line' id='line_1_46' title="bbox 754 1319 1364 1362; baseline -0.01 -11"><span class='ocrx_word' id='word_1_237' title='bbox 754 1328 798 1351; x_wconf 85' lang='lat' dir='ltr'><strong>tat</strong></span> <span class='ocrx_word' id='word_1_238' title='bbox 814 1332 855 1351; x_wconf 88' lang='lat' dir='ltr'><strong>ne</strong></span> <span class='ocrx_word' id='word_1_239' title='bbox 869 1327 899 1351; x_wconf 79' lang='lat' dir='ltr'><strong>te</strong></span> <span class='ocrx_word' id='word_1_240' title='bbox 912 1319 1075 1362; x_wconf 82' lang='lat' dir='ltr'><strong>respiciat,</strong></span> <span class='ocrx_word' id='word_1_241' title='bbox 1097 1324 1136 1348; x_wconf 89' lang='lat' dir='ltr'><strong>nt</strong></span> <span class='ocrx_word' id='word_1_242' title='bbox 1148 1319 1319 1358; x_wconf 72' lang='lat' dir='ltr'><strong>indignati·</strong></span> <span class='ocrx_word' id='word_1_243' title='bbox 1358 1322 1364 1329; x_wconf 85' lang='lat'><strong>·</strong></span> 
     </span>
     <span class='ocr_line' id='line_1_47' title="bbox 754 1365 1319 1404; baseline -0.009 -7"><span class='ocrx_word' id='word_1_244' title='bbox 754 1374 800 1397; x_wconf 88' lang='lat' dir='ltr'><strong>tes</strong></span> <span class='ocrx_word' id='word_1_245' title='bbox 824 1367 949 1397; x_wconf 86' lang='lat' dir='ltr'><strong>solent:</strong></span> <span class='ocrx_word' id='word_1_246' title='bbox 975 1366 1047 1404; x_wconf 68' lang='lat' dir='ltr'><strong>vel,</strong></span> <span class='ocrx_word' id='word_1_247' title='bbox 1070 1375 1124 1396; x_wconf 82' lang='lat' dir='ltr'><strong>ora</strong></span> <span class='ocrx_word' id='word_1_248' title='bbox 1150 1365 1186 1394; x_wconf 88' lang='lat' dir='ltr'><strong>iu</strong></span> <span class='ocrx_word' id='word_1_249' title='bbox 1211 1370 1243 1394; x_wconf 83' lang='lat' dir='ltr'><strong>te</strong></span> <span class='ocrx_word' id='word_1_250' title='bbox 1265 1373 1319 1392; x_wconf 90' lang='lat' dir='ltr'><strong>cu-</strong></span> 
     </span>
     <span class='ocr_line' id='line_1_48' title="bbox 754 1413 1316 1453; baseline -0.007 -11"><span class='ocrx_word' id='word_1_251' title='bbox 754 1413 843 1453; x_wconf 73' lang='lat' dir='ltr'><strong>pide,</strong></span> <span class='ocrx_word' id='word_1_252' title='bbox 871 1419 903 1441; x_wconf 87' lang='lat' dir='ltr'><strong>et</strong></span> <span class='ocrx_word' id='word_1_253' title='bbox 928 1423 1001 1442; x_wconf 86' lang='lat' dir='ltr'><strong>cum</strong></span> <span class='ocrx_word' id='word_1_254' title='bbox 1035 1413 1102 1441; x_wconf 80' lang='lat' dir='ltr'><strong>risu</strong></span> <span class='ocrx_word' id='word_1_255' title='bbox 1135 1415 1316 1447; x_wconf 86' lang='lat' dir='ltr'><strong>convertat;</strong></span> 
     </span>
     <span class='ocr_line' id='line_1_49' title="bbox 754 1455 1317 1496; baseline -0.009 -8"><span class='ocrx_word' id='word_1_256' title='bbox 754 1458 821 1495; x_wconf 75' lang='lat' dir='ltr'><strong>vel,</strong></span> <span class='ocrx_word' id='word_1_257' title='bbox 838 1467 893 1488; x_wconf 88' lang='lat' dir='ltr'><strong>ora</strong></span> <span class='ocrx_word' id='word_1_258' title='bbox 910 1456 975 1487; x_wconf 74' lang='lat' dir='ltr'><strong>hile</strong></span> <span class='ocrx_word' id='word_1_259' title='bbox 996 1455 1135 1496; x_wconf 73' lang='lat' dir='ltr'><strong>illucque</strong></span> <span class='ocrx_word' id='word_1_260' title='bbox 1150 1456 1263 1496; x_wconf 78' lang='lat' dir='ltr'><strong>agitet,</strong></span> <span class='ocrx_word' id='word_1_261' title='bbox 1283 1455 1317 1484; x_wconf 90' lang='lat' dir='ltr'><strong>in</strong></span> 
     </span>
     <span class='ocr_line' id='line_1_50' title="bbox 753 1499 1319 1543; baseline -0.007 -9"><span class='ocrx_word' id='word_1_262' title='bbox 753 1504 864 1534; x_wconf 84' lang='lat' dir='ltr'><strong>laevam</strong></span> <span class='ocrx_word' id='word_1_263' title='bbox 874 1526 882 1541; x_wconf 91' lang='lat'>,</span> <span class='ocrx_word' id='word_1_264' title='bbox 894 1503 1101 1543; x_wconf 84' lang='lat' dir='ltr'><strong>dextramque</strong></span> <span class='ocrx_word' id='word_1_265' title='bbox 1111 1508 1231 1543; x_wconf 87' lang='lat' dir='ltr'><strong>partem</strong></span> <span class='ocrx_word' id='word_1_266' title='bbox 1246 1499 1319 1530; x_wconf 82' lang='lat' dir='ltr'><strong>flec-</strong></span> 
     </span>
     <span class='ocr_line' id='line_1_51' title="bbox 754 1547 1316 1588; baseline -0.004 -9"><span class='ocrx_word' id='word_1_267' title='bbox 754 1557 815 1587; x_wconf 82' lang='lat' dir='ltr'><strong>tat,</strong></span> <span class='ocrx_word' id='word_1_268' title='bbox 848 1555 884 1579; x_wconf 87' lang='lat' dir='ltr'><strong>ut</strong></span> <span class='ocrx_word' id='word_1_269' title='bbox 910 1548 1090 1588; x_wconf 83' lang='lat' dir='ltr'><strong>jocantibus</strong></span> <span class='ocrx_word' id='word_1_270' title='bbox 1125 1558 1186 1578; x_wconf 81' lang='lat' dir='ltr'><strong>usu</strong></span> <span class='ocrx_word' id='word_1_271' title='bbox 1218 1547 1316 1577; x_wconf 87' lang='lat' dir='ltr'><strong>venit.</strong></span> 
     </span>
     <span class='ocr_line' id='line_1_52' title="bbox 754 1592 1319 1634; baseline -0.011 -7"><span class='ocrx_word' id='word_1_272' title='bbox 754 1597 775 1627; x_wconf 86' lang='lat' dir='ltr'>J</span> <span class='ocrx_word' id='word_1_273' title='bbox 778 1606 894 1626; x_wconf 73' lang='lat' dir='ltr'><strong>uvmm.</strong></span> <span class='ocrx_word' id='word_1_274' title='bbox 911 1612 958 1619; x_wconf 92' lang='lat'><strong>—-</strong></span> <span class='ocrx_word' id='word_1_275' title='bbox 978 1594 1153 1625; x_wconf 81' lang='lat' dir='ltr'><strong>Liberrima</strong></span> <span class='ocrx_word' id='word_1_276' title='bbox 1170 1592 1319 1634; x_wconf 80' lang='lat' dir='ltr'><strong>indigna·</strong></span> 
     </span>
     <span class='ocr_line' id='line_1_53' title="bbox 750 1635 1318 1682; baseline -0.007 -10"><span class='ocrx_word' id='word_1_277' title='bbox 750 1642 795 1672; x_wconf 86' lang='lat' dir='ltr'><strong>tio</strong></span> <span class='ocrx_word' id='word_1_278' title='bbox 810 1653 821 1672; x_wconf 92' lang='grc'><strong>.·</strong></span> <span class='ocrx_word' id='word_1_279' title='bbox 837 1635 908 1682; x_wconf 73' lang='lat' dir='ltr'><strong>quae</strong></span> <span class='ocrx_word' id='word_1_280' title='bbox 929 1641 1013 1671; x_wconf 76' lang='lat' dir='ltr'><strong>intra</strong></span> <span class='ocrx_word' id='word_1_281' title='bbox 1026 1647 1136 1682; x_wconf 83' lang='lat' dir='ltr'><strong>pectus</strong></span> <span class='ocrx_word' id='word_1_282' title='bbox 1151 1639 1318 1680; x_wconf 76' lang='lat' dir='ltr'><strong>impatiens</strong></span> 
     </span>
     <span class='ocr_line' id='line_1_54' title="bbox 752 1685 1317 1729; baseline -0.005 -11"><span class='ocrx_word' id='word_1_283' title='bbox 752 1689 930 1725; x_wconf 85' lang='lat' dir='ltr'><strong>contineri,</strong></span> <span class='ocrx_word' id='word_1_284' title='bbox 950 1686 1062 1729; x_wconf 69' lang='lat' dir='ltr'><strong>magna</strong></span> <span class='ocrx_word' id='word_1_285' title='bbox 1081 1696 1154 1716; x_wconf 88' lang='lat' dir='ltr'><strong>cum</strong></span> <span class='ocrx_word' id='word_1_286' title='bbox 1171 1685 1317 1719; x_wconf 68' lang='lat' dir='ltr'><strong>libertate</strong></span> 
     </span>
     <span class='ocr_line' id='line_1_55' title="bbox 753 1731 1294 1775; baseline -0.009 -10"><span class='ocrx_word' id='word_1_287' title='bbox 753 1735 787 1765; x_wconf 82' lang='lat' dir='ltr'><strong>in</strong></span> <span class='ocrx_word' id='word_1_288' title='bbox 803 1733 972 1775; x_wconf 83' lang='lat' dir='ltr'><strong>probrosas</strong></span> <span class='ocrx_word' id='word_1_289' title='bbox 989 1732 1131 1774; x_wconf 80' lang='lat' dir='ltr'><strong>querelas</strong></span> <span class='ocrx_word' id='word_1_290' title='bbox 1145 1731 1294 1772; x_wconf 84' lang='lat' dir='ltr'><strong>erumpit.</strong></span> 
     </span>
     <span class='ocr_line' id='line_1_56' title="bbox 803 1777 1317 1821; baseline -0.008 -11"><span class='ocrx_word' id='word_1_291' title='bbox 803 1781 833 1810; x_wconf 83' lang='lat'><strong>3.</strong></span> <span class='ocrx_word' id='word_1_292' title='bbox 863 1779 1016 1821; x_wconf 82' lang='lat' dir='ltr'><strong>Flagellis</strong></span> <span class='ocrx_word' id='word_1_293' title='bbox 1041 1777 1317 1809; x_wconf 76' lang='lat' dir='ltr'><strong>Triumviralibus:</strong></span> 
     </span>
     <span class='ocr_line' id='line_1_57' title="bbox 753 1823 1317 1866; baseline -0.007 -10"><span class='ocrx_word' id='word_1_294' title='bbox 753 1826 872 1866; x_wconf 79' lang='lat' dir='ltr'><strong>judicia</strong></span> <span class='ocrx_word' id='word_1_295' title='bbox 890 1826 929 1856; x_wconf 84' lang='lat' dir='ltr'><strong>de</strong></span> <span class='ocrx_word' id='word_1_296' title='bbox 940 1827 1038 1856; x_wconf 81' lang='lat' dir='ltr'><strong>servis</strong></span> <span class='ocrx_word' id='word_1_297' title='bbox 1050 1831 1081 1855; x_wconf 88' lang='lat' dir='ltr'><strong>et</strong></span> <span class='ocrx_word' id='word_1_298' title='bbox 1095 1823 1218 1853; x_wconf 77' lang='lat' dir='ltr'><strong>furibus</strong></span> <span class='ocrx_word' id='word_1_299' title='bbox 1228 1833 1317 1853; x_wconf 86' lang='lat' dir='ltr'><strong>exer·</strong></span> 
     </span>
     <span class='ocr_line' id='line_1_58' title="bbox 757 1869 1317 1912; baseline -0.009 -10"><span class='ocrx_word' id='word_1_300' title='bbox 757 1873 871 1903; x_wconf 89' lang='lat' dir='ltr'><strong>cebant</strong></span> <span class='ocrx_word' id='word_1_301' title='bbox 891 1879 954 1902; x_wconf 84' lang='lat' dir='ltr'><strong>tres</strong></span> <span class='ocrx_word' id='word_1_302' title='bbox 969 1870 1065 1912; x_wconf 73' lang='lat' dir='ltr'><strong>vulgo</strong></span> <span class='ocrx_word' id='word_1_303' title='bbox 1081 1869 1202 1910; x_wconf 81' lang='lat' dir='ltr'><strong>judices</strong></span> <span class='ocrx_word' id='word_1_304' title='bbox 1213 1869 1317 1898; x_wconf 90' lang='lat' dir='ltr'><strong>mino-</strong></span> 
     </span>
     <span class='ocr_line' id='line_1_59' title="bbox 756 1914 1319 1958; baseline -0.011 -9"><span class='ocrx_word' id='word_1_305' title='bbox 756 1929 821 1955; x_wconf 85' lang='lat' dir='ltr'><strong>res,</strong></span> <span class='ocrx_word' id='word_1_306' title='bbox 834 1918 889 1958; x_wconf 89' lang='lat' dir='ltr'><strong>qui</strong></span> <span class='ocrx_word' id='word_1_307' title='bbox 906 1917 1096 1953; x_wconf 83' lang='lat' dir='ltr'><strong>Triumviri,</strong></span> <span class='ocrx_word' id='word_1_308' title='bbox 1112 1925 1167 1945; x_wconf 88' lang='lat' dir='ltr'><strong>seu</strong></span> <span class='ocrx_word' id='word_1_309' title='bbox 1178 1914 1319 1946; x_wconf 82' lang='lat' dir='ltr'><strong>Tresviri</strong></span> 
     </span>
     <span class='ocr_line' id='line_1_60' title="bbox 755 1959 1319 2005; baseline -0.009 -11"><span class='ocrx_word' id='word_1_310' title='bbox 755 1964 902 2005; x_wconf 85' lang='lat' dir='ltr'><strong>capitales</strong></span> <span class='ocrx_word' id='word_1_311' title='bbox 940 1963 1136 1994; x_wconf 82' lang='lat' dir='ltr'><strong>dicebantur.</strong></span> <span class='ocrx_word' id='word_1_312' title='bbox 1166 1959 1248 1990; x_wconf 86' lang='lat' dir='ltr'><strong>Vide</strong></span> <span class='ocrx_word' id='word_1_313' title='bbox 1283 1961 1319 1990; x_wconf 89' lang='lat' dir='ltr'><strong>in</strong></span> 
     </span>
     <span class='ocr_line' id='line_1_61' title="bbox 753 2007 1317 2049; baseline -0.011 -8"><span class='ocrx_word' id='word_1_314' title='bbox 753 2011 886 2049; x_wconf 82' lang='lat' dir='ltr'><strong>hujusce</strong></span> <span class='ocrx_word' id='word_1_315' title='bbox 902 2007 1224 2042; x_wconf 84' lang='lat' dir='ltr'><strong>collectionisTacito‚</strong></span> <span class='ocrx_word' id='word_1_316' title='bbox 1241 2012 1264 2036; x_wconf 85' lang='lat' dir='ltr'><strong>t.</strong></span> <span class='ocrx_word' id='word_1_317' title='bbox 1275 2007 1317 2042; x_wconf 86' lang='grc' dir='ltr'><strong>Π,</strong></span> 
     </span>
     <span class='ocr_line' id='line_1_62' title="bbox 753 2051 1318 2097; baseline -0.012 -10"><span class='ocrx_word' id='word_1_318' title='bbox 753 2067 785 2097; x_wconf 87' lang='lat' dir='ltr'><strong>p.</strong></span> <span class='ocrx_word' id='word_1_319' title='bbox 827 2067 840 2086; x_wconf 87' lang='lat'>1</span> <span class='ocrx_word' id='word_1_320' title='bbox 852 2057 890 2086; x_wconf 83' lang='lat'><strong>18</strong></span> <span class='ocrx_word' id='word_1_321' title='bbox 901 2078 911 2094; x_wconf 92' lang='lat'>‚</span> <span class='ocrx_word' id='word_1_322' title='bbox 950 2057 971 2087; x_wconf 89' lang='lat' dir='ltr'><strong>J</strong></span> <span class='ocrx_word' id='word_1_323' title='bbox 974 2055 1035 2085; x_wconf 84' lang='lat' dir='ltr'><strong>usti</strong></span> <span class='ocrx_word' id='word_1_324' title='bbox 1064 2053 1161 2093; x_wconf 75' lang='lat' dir='ltr'><strong>Lipsii</strong></span> <span class='ocrx_word' id='word_1_325' title='bbox 1192 2051 1232 2081; x_wconf 90' lang='lat' dir='ltr'><strong>de</strong></span> <span class='ocrx_word' id='word_1_326' title='bbox 1261 2051 1318 2082; x_wconf 88' lang='lat' dir='ltr'><strong>illo</strong></span> 
     </span>
     <span class='ocr_line' id='line_1_63' title="bbox 753 2096 1318 2132; baseline -0.011 0"><span class='ocrx_word' id='word_1_327' title='bbox 753 2102 906 2132; x_wconf 85' lang='lat' dir='ltr'><strong>tribunali</strong></span> <span class='ocrx_word' id='word_1_328' title='bbox 938 2107 1054 2132; x_wconf 83' lang='lat' dir='ltr'><strong>notam.</strong></span> <span class='ocrx_word' id='word_1_329' title='bbox 1077 2116 1123 2122; x_wconf 88' lang='lat'><strong>—-</strong></span> <span class='ocrx_word' id='word_1_330' title='bbox 1156 2096 1286 2128; x_wconf 81' lang='lat' dir='ltr'><strong>Mannis</strong></span> <span class='ocrx_word' id='word_1_331' title='bbox 1306 2108 1318 2127; x_wconf 90' lang='grc'><strong>.·</strong></span> 
     </span>
     <span class='ocr_line' id='line_1_64' title="bbox 754 2144 1318 2187; baseline -0.009 -9"><span class='ocrx_word' id='word_1_332' title='bbox 754 2147 873 2179; x_wconf 85' lang='lat' dir='ltr'><strong>Manni</strong></span> <span class='ocrx_word' id='word_1_333' title='bbox 893 2154 982 2178; x_wconf 83' lang='lat' dir='ltr'><strong>erant</strong></span> <span class='ocrx_word' id='word_1_334' title='bbox 996 2146 1070 2187; x_wconf 88' lang='lat' dir='ltr'><strong>equi</strong></span> <span class='ocrx_word' id='word_1_335' title='bbox 1086 2144 1215 2182; x_wconf 84' lang='lat' dir='ltr'><strong>Gallici,</strong></span> <span class='ocrx_word' id='word_1_336' title='bbox 1229 2145 1318 2184; x_wconf 85' lang='lat' dir='ltr'><strong>parvi</strong></span> 
     </span>
     <span class='ocr_line' id='line_1_65' title="bbox 755 2190 1322 2237; baseline -0.005 -12"><span class='ocrx_word' id='word_1_337' title='bbox 755 2193 899 2237; x_wconf 75' lang='lat' dir='ltr'><strong>quidem,</strong></span> <span class='ocrx_word' id='word_1_338' title='bbox 921 2193 976 2225; x_wconf 85' lang='lat' dir='ltr'><strong>sed</strong></span> <span class='ocrx_word' id='word_1_339' title='bbox 995 2192 1158 2223; x_wconf 84' lang='lat' dir='ltr'><strong>velocitate</strong></span> <span class='ocrx_word' id='word_1_340' title='bbox 1185 2190 1241 2224; x_wconf 65' lang='lat' dir='ltr'><strong>suit</strong></span> <span class='ocrx_word' id='word_1_341' title='bbox 1265 2200 1322 2223; x_wconf 84' lang='lat' dir='ltr'><strong>uo·</strong></span> 
     </span>
    </p>
   </div>
  </div>
 </body>
</html>
