1422 2528
171 134 260 165 242·

1109 0 1114 4 .
1150 0 1272 15 -·····v‘”r=v‘:
1302 0 1319 10 ,Υ

543 129 585 167 Q.
611 126 795 158 noum
818 126 971 160 mem

168 184 317 222 Deinde
333 196 379 221 eo
399 183 628 230 dormitum,
645 195 724 220 non
743 183 948 229 solticitus,
968 184 1063 222 mihi
1077 184 1190 235 qnod
1198 199 1282 231 ens

168 244 410 295 Surgendum
425 243 474 280 sit
491 245 621 291 mane3
637 243 839 282 obeundus
857 247 1033 294 Marsya,
1050 245 1116 295 qui
1137 243 1180 284 se

1312 267 1360 284 120

166 305 324 341 Vultum
343 303 443 340 ferre
459 311 573 353 negat
592 304 807 342 Noviorum
829 317 942 355 posse
962 305 1132 343 minoris.

167 365 228 402 Ad
247 372 421 414 quartam
436 364 547 414 jaceo
568 364 616 410 ’ὃς
637 362 724 414 post
742 364 840 402 hanc
861 378 994 416 vagor,
1010 374 1162 416 autrego
1177 367 1294 412 lecto,

167 428 246 462 Aut
264 424 408 474 scripto
422 431 464 469 ²⁹,
486 425 591 474 quod
610 437 670 461 me
687 425 844 463 tacitum
854 426 980 476 juvet3
997 438 1122 475 ungor
1137 427 1258 472 olivo,

167 488 255 524 Non
277 497 354 536 quo
374 484 558 522 fraudatis
578 485 795 522 immundus
812 488 925 523 Natta
944 486 1120 524 lucernis.

164 642 229 672 tur,
244 643 361 674 corpus
382 633 418 662 in
437 632 549 663 orbem
569 632 731 675 colligenS.

164 683 236 712 Hoc
246 681 281 710 in
290 680 362 710 loco
376 689 441 709 vox
458 688 497 718 ea
505 678 666 719 significat
678 690 733 710 vas

164 726 331 768 quoddam
363 725 470 755 echini
502 735 592 756 more
619 732 732 756 rotun-

165 773 255 811 dum,
263 779 294 803 et
304 772 412 802 inimo
422 772 648 810 intumescens,
657 772 733 803 culi-

163 830 214 850 nae
221 826 277 849 aut
285 828 402 848 mensae
408 817 520 847 usibus
527 817 730 850 destinatum.

163 866 275 897 Acron
290 866 334 894 ait
348 874 402 894 vas
421 864 518 894 fuisse
539 875 664 894 aeneum
678 864 733 895 aut

166 911 282 948 fictile,
297 921 363 952 quo
382 910 434 940 vel
449 910 578 947 calices,
599 911 650 940 vel
668 922 732 940 ma-

162 969 225 988 nus
235 957 454 994 abluerentur,
466 956 653 998 pollubrum
664 957 732 986 vul-

163 1005 204 1046 go
220 1003 381 1045 appellant
401 1001 467 1043 (un
480 1002 587 1032 bassin
608 1001 630 1031 ὰ
647 1003 735 1033 laver

163 1051 210 1081 les
234 1048 373 1089 mains).
404 1049 523 1078 Guttus
546 1049 643 1086 vero,
667 1059 732 1079 am-

163 1096 253 1138 pulla
269 1096 399 1131 olearia‚
419 1095 471 1125 vel
494 1097 706 1135 unguentaria
722 1105 730 1126 :

163 1153 205 1173 ex
228 1142 290 1183 quai
315 1141 432 1181 nempe
454 1141 562 1180 liquor
581 1142 731 1182 guttatim

161 1188 322 1219 funditur.
358 1185 525 1217 Interdum
558 1197 629 1224 vas,
665 1199 731 1228 quo

162 1245 242 1277 aqua
266 1234 416 1264 manibus
443 1232 540 1263 datur
564 1242 572 1264 :
599 1243 662 1263 une
686 1234 731 1264 ai-

159 1281 282 1324 guiere.
296 1283 318 1311 J
320 1291 374 1310 nv.
390 1297 435 1305 -—-
449 1279 622 1310 obeundus
637 1281 728 1310 Mar-

162 1338 221 1368 sya
235 1338 247 1357 :
265 1327 376 1367 Phryx
389 1325 521 1367 quidam
539 1325 677 1363 tibicen,
696 1334 727 1357 et

162 1375 312 1415 Satyru3‚
323 1379 359 1403 ut
368 1372 483 1402 fabulis
495 1371 659 1412 proditum
669 1380 725 1410 est,

160 1422 218 1463 qui
235 1419 309 1450 curn
327 1429 421 1449 ausus
443 1425 522 1448 esset
544 1419 728 1460 Apollinem

158 1477 353 1509 provocare,
362 1465 402 1495 ab
413 1475 450 1495 eo
465 1466 587 1502 victus,
603 1472 633 1494 et
646 1465 728 1506 pelle

159 1513 300 1544 nudatus
313 1513 383 1542 fuit.
399 1511 502 1549 Hujus
515 1512 653 1552 Marsyae
666 1518 726 1541 sta-

160 1567 216 1590 tua
243 1559 408 1590 visebatur
430 1558 466 1587 in
489 1555 525 1586 ea
549 1557 612 1587 fori
637 1565 726 1599 parte

159 1616 231 1647 quae
249 1611 351 1636 rostra
370 1603 557 1644 attingebat,
580 1603 638 1633 ubi
655 1615 728 1644 cou-

159 1653 251 1682 stitui
269 1650 453 1682 vadimonia
471 1655 502 1679 et
525 1649 596 1679 lites
618 1651 726 1692 agitari

160 1699 281 1735 so'fitae3
309 1697 431 1726 idcirco
459 1695 505 1726 ibi
535 1697 656 1736 posita,
690 1703 726 1727 ut

158 1746 226 1784 ejus
255 1751 385 1784 aspectu
411 1749 442 1772 et
467 1742 644 1782 supplicio,
669 1744 725 1772 im-

158 1791 257 1832 probi
282 1797 375 1830 atque
396 1789 507 1827 injusti
532 1788 723 1829 litigatores,

156 1839 214 1879 qui
231 1838 310 1867 alios
323 1834 439 1875 injurii!
452 1841 603 1866 vocarent
612 1836 721 1874 injus,

155 1884 404 1914 deterrerentur.
427 1882 510 1911 Hinc
527 1891 644 1911 nomen
660 1882 723 1922 ipsi

151 1930 224 1960 loco
243 1930 372 1959 factum.
389 1931 438 1959 In.
455 1946 502 1951 —
514 1927 577 1967 Qui
593 1937 626 1958 se
644 1928 719 1957 Vul-

154 1975 315 2016 tumfi’rre
330 1981 429 2016 negat
442 1973 612 2004 Noviorum
623 1984 719 2014 posse

154 2021 288 2052 minoris
318 2032 329 2051 .·
357 2022 429 2061 qui,
462 2019 606 2060 quamvis
628 2020 719 2050 vultu

151 2069 303 2110 supplicii
321 2069 372 2097 sui
397 2073 555 2108 tormenta
573 2072 717 2104 testetur,

151 2115 252 2157 ‘magis
269 2114 373 2144 tamen
394 2114 482 2144 dolet
503 2112 591 2154 quod
613 2114 719 2153 quoti-

154 2161 206 2192 die
238 2160 346 2192 videre
373 2167 505 2201 cogatur
527 2160 684 2189 minorem
702 2159 719 2190 e

149 2207 303 2238 fratribus
331 2207 462 2244 Novus,
487 2205 628 2246 judicem
651 2215 721 2236 cor·
751 2246 752 2249 Ἰ

672 2253 701 2266 N

786 634 1022 675 ruptissimum‚
1051 634 1120 672 vel,
1152 642 1189 665 ut
1219 636 1271 666 alii
1298 649 1355 669 vo-

785 681 879 717 lunt,
925 681 1155 721 nequissimum
1199 683 1354 715 fenerato-

787 736 864 758 rem.

835 773 888 803 18.
909 772 966 802 Ad
988 779 1137 814 quartam
1149 772 1247 814 jaceo
1265 785 1277 804 .·
1300 783 1352 804 us-

785 819 849 858 que
867 818 906 848 ad
918 818 1028 849 horam
1047 817 1065 848 ἐι
1083 818 1150 849 sole
1167 827 1240 850 orto
1255 830 1351 863 quar-

786 870 849 894 tam
866 864 972 894 cubile
996 875 1103 895 meum
1123 875 1228 896 servo.
1248 865 1351 897 Hodie

785 921 915 951 quoque
926 933 935 948 ,
951 910 1039 941 horae
1060 910 1186 942 diurnae
1203 913 1238 942 iu
1261 912 1351 943 Italia

785 955 802 985 ὲ
826 955 927 997 prima
950 956 990 986 ad
1004 957 1187 998 vigesimam
1206 965 1350 998 quartam

784 1012 851 1032 uuo
867 1002 1041 1045 eodemque
1059 1009 1168 1034 tenore
1184 1014 1351 1035 numeran-

785 1055 902 1086 ται-μη
921 1050 1056 1090 primam
1080 1049 1129 1079 sol
1151 1059 1349 1091 unoquoque

786 1094 837 1125 die
850 1097 997 1125 exoriens
1014 1095 1143 1132 indicat,
1154 1102 1185 1126 et
1193 1096 1257 1127 diei
1265 1098 1349 1127 vices

785 1142 941 1182 sequitur.
964 1141 1032 1179 Sic,
1054 1143 1167 1172 aestatis
1183 1149 1325 1183 tempore
1336 1166 1349 1180 ,

784 1185 896 1218 octava
920 1187 1046 1218 circiter
1070 1187 1149 1217 hora
1173 1187 1344 1226 matutina,

782 1233 906 1275 hyemis
929 1234 1024 1271 vero,
1040 1233 1227 1265 duodecima
1238 1257 1247 1272 ,
1265 1245 1342 1277 qua-

781 1281 844 1310 lem
868 1290 928 1310 nos
956 1290 1174 1318 numeramus,
1194 1281 1343 1322 surgebat

781 1327 798 1356 ὲ
823 1326 907 1357 lecto
929 1327 1093 1357 Horatius.

829 1383 881 1412 19.
901 1373 1009 1408 Lecto,
1029 1372 1145 1413 scripto
1167 1384 1179 1403 :
1197 1373 1254 1414 per
1271 1375 1343 1404 inu-

780 1419 903 1448 sitatam
927 1426 958 1449 et
978 1429 1045 1449 non
1064 1419 1248 1449 imitandam
1272 1430 1346 1461 syn-

782 1475 902 1505 copen,
927 1475 1006 1506 pro,
1035 1465 1154 1502 lectito,
1180 1465 1344 1506 scriptito;

781 1511 899 1552 quibus
927 1511 1051 1549 verbis,
1084 1518 1122 1542 ut
1148 1513 1256 1550 aiunt,
1282 1512 1342 1542 fre-

781 1558 988 1598 quentativis,
1018 1557 1139 1588 indicat
1165 1560 1280 1591 Noster
1311 1569 1343 1588 sc

779 1614 845 1633 non
865 1605 923 1633 uni
947 1610 1001 1634 aut
1023 1603 1167 1645 legendi,
1191 1611 1246 1635 aut
1265 1606 1340 1635 seri-

780 1649 878 1679 bendi
898 1651 1006 1690 generi
1026 1661 1152 1688 vacare,
1168 1650 1224 1681 sed
1241 1650 1341 1692 equi-

779 1695 914 1726 husdam
929 1696 1019 1726 libris
1034 1696 1071 1726 ad
1087 1697 1164 1727 alios
1175 1697 1285 1733 libros,
1302 1697 1340 1727 de

779 1743 854 1772 artis
875 1742 1025 1783 operibus
1047 1743 1284 1774 conscribendis
1303 1744 1342 1773 ad

778 1788 838 1818 alia
852 1799 947 1829 opera
958 1811 966 1826 ‚
982 1788 1079 1830 prout
1090 1790 1152 1830 ipsi
1161 1789 1263 1820 libido
1277 1797 1341 1826 est,

778 1835 983 1866 transvolare.
1006 1853 1052 1859 -
1081 1838 1191 1878 Unger
1215 1836 1295 1866 olivo
1329 1848 1339 1865 .·

776 1883 832 1922 qui
862 1892 930 1911 mos
960 1883 1112 1912 Romanis
1142 1889 1225 1920 erat3
1257 1893 1340 1922 puro

774 1928 880 1957 autem
910 1927 996 1958 olivo
1030 1929 1208 1970 ungebatur
1237 1929 1338 1959 Hora-

771 1974 846 2010 tius,
859 1984 927 2004 non
945 1983 982 2004 eo
998 1974 1054 2004 vili
1070 1972 1155 2014 quod
1169 1975 1272 2010 Natta,
1290 1976 1338 2004 vir

772 2019 890 2050 nobilis
913 2027 944 2049 et
962 2030 1087 2057 avarus,
1117 2030 1211 2061 quem
1237 2027 1337 2051 trans—

773 2066 881 2096 eundo
896 2067 1016 2106 carpit,
1028 2066 1167 2096 lucernis
1183 2065 1248 2096 suis
1261 2066 1338 2097 snb-

772 2111 889 2142 ducere
909 2111 1108 2143 credebatur.
1131 2113 1247 2144 Oleum
1259 2113 1337 2143 lam-

775 2158 912 2200 padibus
925 2158 1077 2195 inditum,
1089 2158 1187 2200 vulgo
1197 2169 1335 2190 crassum

777 2213 822 2236 est
841 2213 871 2235 et
890 2205 969 2245 male
983 2204 1083 2236 olens.
