1422 2528
143 151 206 190 278
372 155 384 186 Ι

944 0 973 9 ⁷·
987 0 1122 25 *fimt-
1134 0 1333 30 W
1342 0 1422 31 ’,Ψ

525 150 566 190 Q.
590 146 773 199 uomrn
797 144 949 177 mutem
970 130 980 142 ⁸

140 208 370 253 Ambustum
384 206 570 258 propriis3
590 205 706 244 fuerit
724 205 912 252 Lucilius,
929 204 1084 254 inquam
1097 232 1108 252 ,

141 268 266 308 Comis
282 275 319 305 et
333 266 524 314 urbanus3
547 265 662 304 fuerit
680 264 845 303 limatior
864 260 967 302 idem
1297 274 1331 300 6⁵

141 331 265 377 Quam
285 328 391 366 rudis
405 336 443 365 et
461 326 606 365 Graecis
624 326 756 364 intacti
773 324 951 363 carminis
970 332 1118 372 auctor,

141 390 342 439 Quamque
359 395 561 438 poetarum
577 385 770 424 seniorum
789 383 923 431 turba;
944 384 1011 422 sed
1030 384 1113 431 ille,

140 449 180 486 Si
199 448 299 485 foret
315 447 390 484 hoc
405 454 577 484 nostrum
592 446 670 483 fato
689 445 828 483 dilatus
846 444 886 482 in
907 457 1049 491 aevum,

138 510 339 545 Detereret
355 505 430 544 sibi
446 507 584 553 multa;
606 505 795 542 recideret
815 516 927 542 omne
947 503 1052 554 quod
1071 503 1172 542 ultru

136 567 353 604 Perfectum
373 565 589 602 traheretur
604 572 647 613 ²7,
667 574 705 602 et
722 565 763 602 in
778 577 892 602 versu
910 563 1086 601 faciendo
1298 581 1330 606 7⁰

137 626 246 676 Saepe
265 633 381 676 caput
399 624 590 672 scaberet,
605 625 714 662 vivos
733 633 771 662 et
790 623 946 661 roderet
964 635 1122 674 ungues.

138 686 246 735 Saepe
262 686 401 735 stylum
421 693 546 723 vertas
557 685 606 730 2⁹⁵,
625 685 763 723 iterum
782 697 867 735 quae
888 683 1002 734 digna
1018 684 1092 733 legi
1110 683 1184 721 sint

137 893 207 924 vide
225 891 319 934 supr&
331 914 340 930 ,
356 899 412 923 sat.
430 893 486 930 IV,
504 901 558 922 22.
569 894 703 923 ——Fue-

134 939 177 971 rit
196 938 359 976 Lucilius,
382 939 525 980 inquam,
547 938 652 969 Comis
672 945 704 969 ec

135 986 274 1016 urbanus
303 996 314 1014 :
348 985 484 1026 probare
521 986 637 1015 nititur
669 995 702 1014 se

135 1043 265 1074 aequum
296 1032 412 1062 Lucilii
440 1031 583 1070 judicem
617 1041 701 1069 esse,

134 1090 199 1110 non
216 1089 357 1116 caecum3
380 1089 457 1119 quas
472 1078 520 1107 illi
536 1077 647 1108 laudes
668 1078 702 1107 in

133 1126 227 1156 satira
240 1123 352 1167 quarta
369 1125 525 1155 tribuerat
533 1147 551 1164 ,ἡ
553 1122 682 1162 facetus
691 1146 699 1159 ,

133 1180 292 1203 emunctae
314 1171 423 1208 naris,
445 1182 476 1201 v.
506 1181 521 1209 7
549 1177 580 1200 et
605 1171 643 1205 8,
668 1171 703 1199 in

131 1218 192 1249 hac
211 1228 342 1260 quoque
362 1218 496 1258 repetit;
512 1217 578 1246 imo
592 1226 703 1246 conce-

133 1266 180 1296 dit
192 1265 351 1296 Lucilium
367 1263 463 1293 fuisse
472 1263 578 1292 Ennio
597 1263 701 1303 primo

132 1313 250 1343 satirici
265 1311 416 1341 carminis
434 1316 565 1339 auctore
580 1309 615 1338 in
638 1310 701 1338 Ita-

131 1358 174 1389 lia
195 1357 407 1393 limatiorem,
431 1355 488 1386 sed
507 1355 569 1385 sibi
583 1366 624 1385 ex
642 1354 702 1385 alia

132 1411 223 1446 parte
251 1410 416 1439 constans,
438 1402 510 1441 jure
532 1411 567 1431 ac
587 1402 701 1432 merito

133 1452 242 1482 asserit
259 1451 351 1481 illum
372 1451 498 1490 ipsum,
518 1450 544 1478 si
563 1448 702 1490 Augusti

132 1498 332 1539 temporibus
360 1496 506 1533 vixisset,
533 1494 636 1524 multa
666 1494 702 1524 in

131 1546 196 1574 suis
226 1543 354 1585 scriptis
380 1542 557 1572 recisurum
585 1541 700 1579 fuisse,

132 1601 231 1632 eaque
264 1591 332 1631 ipsa
365 1598 437 1629 quae
467 1587 701 1628 reprehendere

131 1638 283 1668 Horatius
297 1635 434 1676 cogitur.
457 1635 530 1664 Non
552 1633 641 1664 aliter
660 1633 701 1663 de

131 1684 244 1724 priscis
266 1682 330 1713 illis
351 1680 564 1721 scriptoribus
585 1680 700 1710 sentie-

130 1730 184 1760 hat
207 1729 439 1761 oculatissimus
457 1726 510 1756 ille
526 1726 699 1767 Quintilia-

130 1787 206 1814 nus,
227 1774 302 1806 ciim
322 1774 462 1806 Accium
476 1779 508 1802 et
526 1773 700 1803 Pacuvium

129 1822 280 1853 laudibus
319 1818 447 1852 aliunde
483 1818 698 1857 cumulando,

130 1868 218 1900 addit
233 1868 339 1899 tamen
360 1877 368 1898 :
391 1865 546 1898 Caeterum
570 1865 656 1895 nitor
669 1871 701 1895 ee

127 1925 254 1946 summa
276 1914 310 1946 in
337 1912 526 1944 excolendis
558 1911 701 1953 operibus

130 1971 261 1998 manus,
307 1958 411 2002 magis
445 1957 555 1989 videri
595 1965 700 1998 potest

126 2006 319 2050 temporibus
335 2005 432 2047 qut'zm
451 2004 527 2046 ipsis
545 2003 698 2045 defuisse,-

126 2054 183 2086 lib.
192 2057 234 2092 X,
246 2056 271 2085 Ι.
288 2054 368 2095 Quis
379 2049 464 2093 apud
475 2062 534 2082 nos
545 2051 645 2081 simile
657 2050 701 2082 de

127 2101 294 2138 Cornelio,
315 2098 515 2136 Malhe'rbio,
538 2098 695 2129 Rotrovio

123 2149 135 2188 j
141 2147 284 2179 adiciam
298 2146 379 2176 ferre
395 2145 478 2175 serio
496 2145 676 2174 recusaret?

176 2205 230 2233 27.
265 2191 433 2224 Reciderec
475 2201 569 2220 omne
607 2190 697 2231 quod

127 2241 210 2271 ηἶινὰ
250 2237 433 2282 Ρειῇεσιψη
469 2236 648 2270 traheretur
679 2249 690 2268 :

758 898 935 934 amputaret
975 893 1137 935 quidquid
1177 895 1326 936 partibus

753 938 819 978 jam
847 939 995 980 perfectis
1031 939 1187 971 onerandi
1215 940 1328 982 potius

755 984 851 1026 quzim
868 986 1004 1017 ornandi
1026 985 1145 1028 gratia,
1179 986 1303 1017 addidit
1317 1011 1326 1026 ,

755 1032 790 1062 in
817 1032 906 1072 quod
925 1034 1039 1063 vitium
1066 1033 1210 1074 plerique
1241 1034 1323 1064 inci·
1361 1040 1365 1042 “

756 1077 854 1116 dunt,
880 1079 953 1119 qui,
975 1077 1072 1109 nimis:
1094 1079 1256 1110 scribendi
1283 1079 1327 1110 fa-

757 1124 873 1154 cilitate
900 1125 1097 1163 laborantes»,
1116 1125 1249 1156 modum
1264 1137 1326 1157 ser-

756 1180 830 1200 vare
856 1178 1038 1211 nequeunt,
1064 1171 1151 1201 illius
1173 1174 1326 1214 praecepti

757 1215 846 1256 qnod
878 1217 913 1246 in
950 1218 1030 1247 Arce
1062 1215 1192 1257 poeticiz'
1235 1225 1325 1248 nota«

756 1262 845 1292 bitur
863 1261 994 1303 prorsus
1012 1263 1234 1295 immemores:
1251 1265 1325 1295 Om-

755 1319 795 1338 ne
819 1318 1044 1349 supervacuum
1067 1309 1168 1350 pleno
1190 1310 1231 1340 de
1247 1322 1325 1352 pec-

755 1362 822 1385 tore
837 1363 959 1386 manae.
974 1372 1022 1378 ·—-
1039 1356 1124 1397 Sap&
1142 1363 1239 1398 caput
1253 1368 1324 1388 sca-

755 1401 842 1431 beret
853 1412 864 1431 .·
874 1408 909 1431 ut
928 1412 997 1432 mos
1009 1408 1056 1432 est
1068 1402 1192 1433 curiose
1207 1404 1325 1446 scripta

756 1458 813 1478 sua
834 1447 1090 1480 emendantibus.
1108 1465 1156 1473 --
1174 1449 1268 1480 Vivos
1292 1458 1325 1481 et

754 1494 882 1524 roderet
901 1505 1021 1537 ungues
1038 1505 1049 1525 .·
1066 1495 1111 1526 sic
1129 1501 1161 1526 ct
1178 1497 1320 1535 Persius,

756 1542 789 1578 Ι,
814 1541 894 1578 106,
922 1541 962 1571 de
991 1539 1085 1582 poeta
1117 1539 1220 1572 levius
1245 1544 1321 1574 scri-

754 1587 852 1618 bente
867 1597 875 1618 :
893 1587 962 1618 Nec
970 1588 1118 1628 pluteum
1134 1588 1248 1627 caedit,
1266 1589 1322 1620 de-

756 1643 875 1664 morsos
893 1634 951 1664 nec
962 1633 1051 1675 sapit
1063 1645 1193 1676 ungues.

801 1681 856 1711 28.
877 1681 968 1721 Saepe
983 1681 1103 1720 stylum
1117 1687 1229 1713 'vertas
1242 1692 1254 1711 .-
1268 1691 1324 1712 sae-

752 1725 792 1767 pe
812 1726 917 1757 delere
933 1737 967 1757 ac
985 1733 1108 1758 mutare
1120 1726 1216 1758 debes
1233 1728 1322 1773 quogl

752 1774 927 1814 scripseris,
951 1774 976 1804 si
1002 1773 1080 1804 velis
1104 1784 1140 1804 ca
1162 1774 1319 1813 scribere,

752 1829 824 1860 quae
849 1819 946 1862 digna
968 1820 1032 1850 sint
1058 1818 1175 1850 iterum
1196 1821 1259 1863 legi
1283 1831 1320 1851 ac

751 1863 878 1907 saepius.
898 1866 1006 1908 Stylus
1028 1873 1095 1897 erat
1110 1877 1184 1897 acus
1198 1866 1298 1897 ferrea
1309 1890 1318 1905 ,

752 1912 838 1952 quali
854 1910 942 1942 nunc
964 1914 1086 1943 utimur
1103 1913 1139 1943 in
1162 1913 1320 1955 pugillari-

751 1957 813 1988 bus
820 1981 829 1995 ,
843 1959 944 1999 capite
953 1959 1050 2000 plano
1057 1981 1067 1996 ,
1078 1957 1221 1990 extremi
1230 1965 1319 2000 parte

751 2003 863 2036 acuta:
887 2003 948 2035 hac
971 2005 1153 2036 scribebant
1172 2005 1207 2035 in
1225 2003 1312 2043 cer.‘⁴1;

749 2051 806 2082 illo
816 2073 824 2088 ‚
841 2052 957 2092 scripta
970 2051 1166 2082 inducebant
1180 2047 1317 2081 addela·-

749 2096 828 2128 bant
839 2119 847 2135 ,
864 2097 986 2140 aequata
1002 2096 1073 2128 cera
1092 2103 1123 2128 et
1137 2098 1316 2139 complana-

749 2142 791 2175 ta.
818 2145 888 2174 Hoc
911 2144 1083 2176 vocabatur
1105 2143 1221 2183 stylum
1244 2154 1317 2175 ver-

746 2197 831 2226 tere,
873 2201 930 2222 seu
977 2192 1154 2228 invertere,
1193 2189 1315 2221 utendo

746 2235 879 2277 capitata
913 2237 980 2277 eius
1001 2243 1107 2279 parte,
1137 2236 1175 2268 ad
1208 2237 1316 2268 deleu-
