<?xml version="1.0" encoding="UTF-8"?>
<!DOCTYPE html PUBLIC "-//W3C//DTD XHTML 1.0 Transitional//EN"
    "http://www.w3.org/TR/xhtml1/DTD/xhtml1-transitional.dtd">
<html xmlns="http://www.w3.org/1999/xhtml" xml:lang="en" lang="en">
 <head>
  <title>
</title>
<meta http-equiv="Content-Type" content="text/html;charset=utf-8" />
  <meta name='ocr-system' content='tesseract 3.04.00' />
  <meta name='ocr-capabilities' content='ocr_page ocr_carea ocr_par ocr_line ocrx_word'/>
</head>
<body>
  <div class='ocr_page' id='page_1' title='image "./quintushoratiusf02horauoft_0080.png"; bbox 0 0 1404 2522; ppageno 0'>
   <div class='ocr_carea' id='block_1_1' title="bbox 123 119 1311 574">
    <p class='ocr_par' dir='ltr' id='par_1_1' title="bbox 123 119 1311 574">
     <span class='ocr_line' id='line_1_1' title="bbox 123 119 939 162; baseline 0.007 -14"><span class='ocrx_word' id='word_1_1' title='bbox 123 119 159 148; x_wconf 66' lang='lat' dir='ltr'>:a</span> <span class='ocrx_word' id='word_1_2' title='bbox 517 121 558 162; x_wconf 89' lang='lat' dir='ltr'>Q.</span> <span class='ocrx_word' id='word_1_3' title='bbox 582 120 765 153; x_wconf 75' lang='lat' dir='ltr'>nonATu</span> <span class='ocrx_word' id='word_1_4' title='bbox 788 121 939 154; x_wconf 77' lang='lat' dir='ltr'>FLACCI</span> 
     </span>
     <span class='ocr_line' id='line_1_2' title="bbox 230 178 1045 231; baseline 0.006 -17"><span class='ocrx_word' id='word_1_5' title='bbox 230 178 301 215; x_wconf 93' lang='lat' dir='ltr'>Cui</span> <span class='ocrx_word' id='word_1_6' title='bbox 317 190 383 214; x_wconf 87' lang='lat' dir='ltr'>rex</span> <span class='ocrx_word' id='word_1_7' title='bbox 403 179 574 215; x_wconf 85' lang='lat' dir='ltr'>Deorum</span> <span class='ocrx_word' id='word_1_8' title='bbox 592 191 751 229; x_wconf 87' lang='lat' dir='ltr'>reguum</span> <span class='ocrx_word' id='word_1_9' title='bbox 767 179 807 216; x_wconf 94' lang='lat' dir='ltr'>in</span> <span class='ocrx_word' id='word_1_10' title='bbox 827 193 915 218; x_wconf 91' lang='lat' dir='ltr'>aves</span> <span class='ocrx_word' id='word_1_11' title='bbox 933 193 1045 231; x_wconf 81' lang='lat' dir='ltr'>vagas</span> 
     </span>
     <span class='ocr_line' id='line_1_3' title="bbox 284 237 841 288; baseline 0.004 -14"><span class='ocrx_word' id='word_1_12' title='bbox 284 237 479 284; x_wconf 88' lang='lat' dir='ltr'>Permisit,</span> <span class='ocrx_word' id='word_1_13' title='bbox 494 246 672 288; x_wconf 85' lang='lat' dir='ltr'>expertus</span> <span class='ocrx_word' id='word_1_14' title='bbox 692 238 841 276; x_wconf 88' lang='lat' dir='ltr'>fidelem</span> 
     </span>
     <span class='ocr_line' id='line_1_4' title="bbox 333 297 921 347; baseline 0.002 -13"><span class='ocrx_word' id='word_1_15' title='bbox 333 297 486 346; x_wconf 84' lang='lat' dir='ltr'>Jupiter</span> <span class='ocrx_word' id='word_1_16' title='bbox 506 298 546 334; x_wconf 88' lang='lat' dir='ltr'>in</span> <span class='ocrx_word' id='word_1_17' title='bbox 566 298 784 347; x_wconf 87' lang='lat' dir='ltr'><strong>Ganymede</strong></span> <span class='ocrx_word' id='word_1_18' title='bbox 800 298 921 346; x_wconf 86' lang='lat' dir='ltr'>flavo,</span> 
     </span>
     <span class='ocr_line' id='line_1_5' title="bbox 233 356 1311 408; baseline 0.005 -16"><span class='ocrx_word' id='word_1_19' title='bbox 233 356 334 393; x_wconf 83' lang='lat' dir='ltr'>Olim</span> <span class='ocrx_word' id='word_1_20' title='bbox 349 363 362 377; x_wconf 79' lang='lat'><strong>²</strong></span> <span class='ocrx_word' id='word_1_21' title='bbox 377 357 552 406; x_wconf 86' lang='lat' dir='ltr'>juventas</span> <span class='ocrx_word' id='word_1_22' title='bbox 568 360 605 394; x_wconf 75' lang='lat' dir='ltr'>et</span> <span class='ocrx_word' id='word_1_23' title='bbox 622 358 768 407; x_wconf 88' lang='lat' dir='ltr'>patrius</span> <span class='ocrx_word' id='word_1_24' title='bbox 786 358 897 408; x_wconf 83' lang='lat' dir='ltr'>vigor</span> <span class='ocrx_word' id='word_1_25' title='bbox 1298 367 1311 390; x_wconf 83' lang='grc'><strong>5</strong></span> 
     </span>
     <span class='ocr_line' id='line_1_6' title="bbox 230 414 908 466; baseline 0.001 -13"><span class='ocrx_word' id='word_1_26' title='bbox 230 415 332 453; x_wconf 82' lang='lat' dir='ltr'>Nido</span> <span class='ocrx_word' id='word_1_27' title='bbox 350 414 524 453; x_wconf 92' lang='lat' dir='ltr'>laborum</span> <span class='ocrx_word' id='word_1_28' title='bbox 542 417 712 466; x_wconf 82' lang='lat' dir='ltr'><strong>propulit</strong></span> <span class='ocrx_word' id='word_1_29' title='bbox 727 416 908 466; x_wconf 91' lang='lat' dir='ltr'>inscium,</span> 
     </span>
     <span class='ocr_line' id='line_1_7' title="bbox 283 475 942 526; baseline 0.006 -15"><span class='ocrx_word' id='word_1_30' title='bbox 283 475 497 524; x_wconf 88' lang='lat' dir='ltr'>Vernique,</span> <span class='ocrx_word' id='word_1_31' title='bbox 515 475 594 526; x_wconf 59' lang='lat' dir='ltr'>jum</span> <span class='ocrx_word' id='word_1_32' title='bbox 610 475 750 513; x_wconf 88' lang='lat' dir='ltr'>nimbis</span> <span class='ocrx_word' id='word_1_33' title='bbox 770 478 942 524; x_wconf 88' lang='lat' dir='ltr'>remotis,</span> 
     </span>
     <span class='ocr_line' id='line_1_8' title="bbox 338 536 815 574; baseline 0.002 -2"><span class='ocrx_word' id='word_1_34' title='bbox 338 536 513 574; x_wconf 88' lang='lat' dir='ltr'>Insolitos</span> <span class='ocrx_word' id='word_1_35' title='bbox 531 536 695 574; x_wconf 81' lang='lat' dir='ltr'><strong>docuere</strong></span> <span class='ocrx_word' id='word_1_36' title='bbox 711 537 815 574; x_wconf 89' lang='lat' dir='ltr'>nisus</span> 
     </span>
    </p>
   </div>
   <div class='ocr_carea' id='block_1_2' title="bbox 122 671 702 2238">
    <p class='ocr_par' dir='ltr' id='par_1_2' title="bbox 122 671 702 2238">
     <span class='ocr_line' id='line_1_9' title="bbox 122 671 692 715; baseline 0 -11"><span class='ocrx_word' id='word_1_37' title='bbox 122 671 288 715; x_wconf 86' lang='lat' dir='ltr'>magnifica</span> <span class='ocrx_word' id='word_1_38' title='bbox 303 671 452 713; x_wconf 76' lang='lat' dir='ltr'>periodus</span> <span class='ocrx_word' id='word_1_39' title='bbox 462 694 470 710; x_wconf 97' lang='lat'>,</span> <span class='ocrx_word' id='word_1_40' title='bbox 489 682 556 702; x_wconf 85' lang='lat' dir='ltr'>non</span> <span class='ocrx_word' id='word_1_41' title='bbox 569 672 631 702; x_wconf 87' lang='lat' dir='ltr'>nisi</span> <span class='ocrx_word' id='word_1_42' title='bbox 653 673 692 704; x_wconf 88' lang='lat' dir='ltr'>ad</span> 
     </span>
     <span class='ocr_line' id='line_1_10' title="bbox 123 719 693 759; baseline -0.002 -9"><span class='ocrx_word' id='word_1_43' title='bbox 123 729 250 750; x_wconf 87' lang='lat' dir='ltr'>versum</span> <span class='ocrx_word' id='word_1_44' title='bbox 260 719 417 748; x_wconf 86' lang='lat' dir='ltr'>decimum</span> <span class='ocrx_word' id='word_1_45' title='bbox 427 725 574 759; x_wconf 88' lang='lat' dir='ltr'>quartum</span> <span class='ocrx_word' id='word_1_46' title='bbox 586 721 693 750; x_wconf 90' lang='lat' dir='ltr'>termi-</span> 
     </span>
     <span class='ocr_line' id='line_1_11' title="bbox 124 764 692 806; baseline -0.002 -9"><span class='ocrx_word' id='word_1_47' title='bbox 124 773 237 803; x_wconf 87' lang='lat' dir='ltr'>natur;</span> <span class='ocrx_word' id='word_1_48' title='bbox 257 775 353 806; x_wconf 89' lang='lat' dir='ltr'>quam</span> <span class='ocrx_word' id='word_1_49' title='bbox 367 766 395 795; x_wconf 87' lang='lat' dir='ltr'>si</span> <span class='ocrx_word' id='word_1_50' title='bbox 408 764 448 795; x_wconf 90' lang='lat' dir='ltr'>ad</span> <span class='ocrx_word' id='word_1_51' title='bbox 460 766 692 806; x_wconf 83' lang='lat' dir='ltr'>grammaticam</span> 
     </span>
     <span class='ocr_line' id='line_1_12' title="bbox 126 811 692 849; baseline -0.002 -6"><span class='ocrx_word' id='word_1_52' title='bbox 126 812 397 844; x_wconf 82' lang='lat' dir='ltr'>constructionem</span> <span class='ocrx_word' id='word_1_53' title='bbox 422 811 578 841; x_wconf 83' lang='lat' dir='ltr'>reducere</span> <span class='ocrx_word' id='word_1_54' title='bbox 595 812 692 849; x_wconf 84' lang='lat' dir='ltr'>velis,</span> 
     </span>
     <span class='ocr_line' id='line_1_13' title="bbox 125 857 693 889; baseline -0.002 0"><span class='ocrx_word' id='word_1_55' title='bbox 125 857 312 889; x_wconf 83' lang='lat' dir='ltr'>resumenda</span> <span class='ocrx_word' id='word_1_56' title='bbox 335 864 382 888; x_wconf 88' lang='lat' dir='ltr'>est</span> <span class='ocrx_word' id='word_1_57' title='bbox 405 857 444 887; x_wconf 89' lang='lat' dir='ltr'>ab</span> <span class='ocrx_word' id='word_1_58' title='bbox 469 857 588 888; x_wconf 79' lang='lat' dir='ltr'>ultimis</span> <span class='ocrx_word' id='word_1_59' title='bbox 608 858 693 888; x_wconf 88' lang='lat' dir='ltr'>hisee</span> 
     </span>
     <span class='ocr_line' id='line_1_14' title="bbox 127 902 692 936; baseline -0.002 0"><span class='ocrx_word' id='word_1_60' title='bbox 127 904 281 936; x_wconf 82' lang='lat' dir='ltr'>versibus.</span> <span class='ocrx_word' id='word_1_61' title='bbox 311 903 427 934; x_wconf 73' lang='lat' dir='ltr'>Videre</span> <span class='ocrx_word' id='word_1_62' title='bbox 460 902 578 934; x_wconf 81' lang='lat' dir='ltr'>Rlzaecis</span> <span class='ocrx_word' id='word_1_63' title='bbox 609 904 692 935; x_wconf 85' lang='lat' dir='ltr'>bella</span> 
     </span>
     <span class='ocr_line' id='line_1_15' title="bbox 126 949 693 990; baseline 0 -9"><span class='ocrx_word' id='word_1_64' title='bbox 126 951 180 982; x_wconf 82' lang='lat' dir='ltr'>sub</span> <span class='ocrx_word' id='word_1_65' title='bbox 209 949 343 990; x_wconf 78' lang='lat' dir='ltr'>Alpibus</span> <span class='ocrx_word' id='word_1_66' title='bbox 367 951 503 980; x_wconf 85' lang='lat' dir='ltr'>Drusum</span> <span class='ocrx_word' id='word_1_67' title='bbox 527 958 693 990; x_wconf 79' lang='lat' dir='ltr'>gerentem</span> 
     </span>
     <span class='ocr_line' id='line_1_16' title="bbox 131 995 694 1036; baseline 0 -9"><span class='ocrx_word' id='word_1_68' title='bbox 131 995 302 1034; x_wconf 58' lang='lat' dir='ltr'>Vindelici}</span> <span class='ocrx_word' id='word_1_69' title='bbox 321 1003 352 1026; x_wconf 89' lang='lat' dir='ltr'>et</span> <span class='ocrx_word' id='word_1_70' title='bbox 365 995 470 1026; x_wconf 81' lang='lat' dir='ltr'>statim</span> <span class='ocrx_word' id='word_1_71' title='bbox 485 997 694 1036; x_wconf 83' lang='lat' dir='ltr'>repetendum</span> 
     </span>
     <span class='ocr_line' id='line_1_17' title="bbox 128 1041 693 1074; baseline -0.002 0"><span class='ocrx_word' id='word_1_72' title='bbox 128 1045 256 1074; x_wconf 80' lang='lat' dir='ltr'>initium</span> <span class='ocrx_word' id='word_1_73' title='bbox 275 1052 283 1073; x_wconf 73' lang='grc' dir='ltr'>ε</span> <span class='ocrx_word' id='word_1_74' title='bbox 305 1042 420 1072; x_wconf 85' lang='lat' dir='ltr'>Videre</span> <span class='ocrx_word' id='word_1_75' title='bbox 432 1041 592 1072; x_wconf 84' lang='lat' dir='ltr'>Vindelici</span> <span class='ocrx_word' id='word_1_76' title='bbox 608 1045 693 1073; x_wconf 85' lang='lat' dir='ltr'>Dru-</span> 
     </span>
     <span class='ocr_line' id='line_1_18' title="bbox 129 1087 695 1129; baseline 0 -9"><span class='ocrx_word' id='word_1_77' title='bbox 129 1101 216 1126; x_wconf 86' lang='lat' dir='ltr'>sum,</span> <span class='ocrx_word' id='word_1_78' title='bbox 237 1089 366 1129; x_wconf 86' lang='lat' dir='ltr'>qualem</span> <span class='ocrx_word' id='word_1_79' title='bbox 387 1087 516 1125; x_wconf 78' lang='lat' dir='ltr'>alitem,</span> <span class='ocrx_word' id='word_1_80' title='bbox 543 1089 605 1119; x_wconf 95' lang='lat' dir='ltr'>hoc</span> <span class='ocrx_word' id='word_1_81' title='bbox 631 1097 695 1128; x_wconf 87' lang='lat' dir='ltr'>est,</span> 
     </span>
     <span class='ocr_line' id='line_1_19' title="bbox 127 1135 699 1175; baseline -0.002 -8"><span class='ocrx_word' id='word_1_82' title='bbox 127 1136 261 1167; x_wconf 83' lang='lat' dir='ltr'>similem</span> <span class='ocrx_word' id='word_1_83' title='bbox 277 1135 360 1171; x_wconf 82' lang='lat' dir='ltr'>aliti,</span> <span class='ocrx_word' id='word_1_84' title='bbox 379 1145 492 1175; x_wconf 89' lang='lat' dir='ltr'>quem,</span> <span class='ocrx_word' id='word_1_85' title='bbox 512 1141 572 1165; x_wconf 88' lang='lat' dir='ltr'>etc.</span> <span class='ocrx_word' id='word_1_86' title='bbox 585 1135 699 1166; x_wconf 87' lang='lat' dir='ltr'>Videre</span> 
     </span>
     <span class='ocr_line' id='line_1_20' title="bbox 131 1181 700 1222; baseline -0.002 -9"><span class='ocrx_word' id='word_1_87' title='bbox 131 1184 289 1218; x_wconf 82' lang='lat' dir='ltr'>Drusum,</span> <span class='ocrx_word' id='word_1_88' title='bbox 316 1181 445 1222; x_wconf 86' lang='lat' dir='ltr'>qualem</span> <span class='ocrx_word' id='word_1_89' title='bbox 468 1191 586 1221; x_wconf 85' lang='lat' dir='ltr'>caprea</span> <span class='ocrx_word' id='word_1_90' title='bbox 605 1181 700 1212; x_wconf 78' lang='lat' dir='ltr'>videt</span> 
     </span>
     <span class='ocr_line' id='line_1_21' title="bbox 129 1227 698 1264; baseline -0.004 -4"><span class='ocrx_word' id='word_1_91' title='bbox 129 1229 266 1264; x_wconf 82' lang='lat' dir='ltr'>leonem,</span> <span class='ocrx_word' id='word_1_92' title='bbox 276 1234 337 1258; x_wconf 85' lang='lat' dir='ltr'>ete.</span> <span class='ocrx_word' id='word_1_93' title='bbox 348 1229 450 1259; x_wconf 86' lang='lat' dir='ltr'>Nemo</span> <span class='ocrx_word' id='word_1_94' title='bbox 461 1234 508 1257; x_wconf 86' lang='lat' dir='ltr'>est</span> <span class='ocrx_word' id='word_1_95' title='bbox 520 1227 624 1257; x_wconf 78' lang='lat' dir='ltr'>autem</span> <span class='ocrx_word' id='word_1_96' title='bbox 635 1227 698 1258; x_wconf 69' lang='lat' dir='ltr'>tam</span> 
     </span>
     <span class='ocr_line' id='line_1_22' title="bbox 129 1271 699 1316; baseline 0 -11"><span class='ocrx_word' id='word_1_97' title='bbox 129 1275 248 1316; x_wconf 85' lang='lat' dir='ltr'>poetici</span> <span class='ocrx_word' id='word_1_98' title='bbox 269 1271 378 1303; x_wconf 70' lang='lat' dir='ltr'>sensus</span> <span class='ocrx_word' id='word_1_99' title='bbox 402 1284 534 1314; x_wconf 82' lang='lat' dir='ltr'>expers,</span> <span class='ocrx_word' id='word_1_100' title='bbox 553 1275 609 1313; x_wconf 90' lang='lat' dir='ltr'>qui</span> <span class='ocrx_word' id='word_1_101' title='bbox 633 1285 699 1305; x_wconf 91' lang='lat' dir='ltr'>uon</span> 
     </span>
     <span class='ocr_line' id='line_1_23' title="bbox 129 1319 700 1360; baseline -0.002 -9"><span class='ocrx_word' id='word_1_102' title='bbox 129 1322 243 1351; x_wconf 85' lang='lat' dir='ltr'>sentiat</span> <span class='ocrx_word' id='word_1_103' title='bbox 255 1325 405 1360; x_wconf 84' lang='lat' dir='ltr'>quantam</span> <span class='ocrx_word' id='word_1_104' title='bbox 419 1321 484 1350; x_wconf 85' lang='lat' dir='ltr'>vim</span> <span class='ocrx_word' id='word_1_105' title='bbox 500 1319 594 1349; x_wconf 86' lang='lat' dir='ltr'>addat</span> <span class='ocrx_word' id='word_1_106' title='bbox 607 1331 700 1350; x_wconf 86' lang='lat' dir='ltr'>exor-</span> 
     </span>
     <span class='ocr_line' id='line_1_24' title="bbox 129 1365 700 1407; baseline -0.004 -10"><span class='ocrx_word' id='word_1_107' title='bbox 129 1367 230 1397; x_wconf 84' lang='lat' dir='ltr'>dienti</span> <span class='ocrx_word' id='word_1_108' title='bbox 255 1367 416 1407; x_wconf 87' lang='lat' dir='ltr'>praeconio</span> <span class='ocrx_word' id='word_1_109' title='bbox 442 1367 519 1395; x_wconf 89' lang='lat' dir='ltr'>mira</span> <span class='ocrx_word' id='word_1_110' title='bbox 550 1365 604 1395; x_wconf 86' lang='lat' dir='ltr'>illa</span> <span class='ocrx_word' id='word_1_111' title='bbox 631 1377 700 1396; x_wconf 87' lang='lat' dir='ltr'>sus-</span> 
     </span>
     <span class='ocr_line' id='line_1_25' title="bbox 129 1410 700 1455; baseline -0.005 -11"><span class='ocrx_word' id='word_1_112' title='bbox 129 1414 240 1455; x_wconf 81' lang='lat' dir='ltr'>pensio</span> <span class='ocrx_word' id='word_1_113' title='bbox 265 1410 327 1453; x_wconf 70' lang='lat' dir='ltr'>qua</span> <span class='ocrx_word' id='word_1_114' title='bbox 361 1410 400 1442; x_wconf 81' lang='lat' dir='ltr'>fit</span> <span class='ocrx_word' id='word_1_115' title='bbox 426 1418 463 1442; x_wconf 89' lang='lat' dir='ltr'>ut</span> <span class='ocrx_word' id='word_1_116' title='bbox 486 1411 588 1441; x_wconf 76' lang='lat' dir='ltr'>multo</span> <span class='ocrx_word' id='word_1_117' title='bbox 611 1411 700 1452; x_wconf 76' lang='lat' dir='ltr'>prius</span> 
     </span>
     <span class='ocr_line' id='line_1_26' title="bbox 129 1458 700 1501; baseline 0 -12"><span class='ocrx_word' id='word_1_118' title='bbox 129 1458 226 1501; x_wconf 73' lang='lat' dir='ltr'>quam</span> <span class='ocrx_word' id='word_1_119' title='bbox 243 1459 439 1495; x_wconf 86' lang='lat' dir='ltr'>nominetur,</span> <span class='ocrx_word' id='word_1_120' title='bbox 454 1459 578 1488; x_wconf 85' lang='lat' dir='ltr'>Drusus</span> <span class='ocrx_word' id='word_1_121' title='bbox 601 1458 700 1489; x_wconf 87' lang='lat' dir='ltr'>admi-</span> 
     </span>
     <span class='ocr_line' id='line_1_27' title="bbox 132 1504 699 1546; baseline -0.002 -11"><span class='ocrx_word' id='word_1_122' title='bbox 132 1505 249 1535; x_wconf 78' lang='lat' dir='ltr'>rationi</span> <span class='ocrx_word' id='word_1_123' title='bbox 261 1504 455 1545; x_wconf 84' lang='lat' dir='ltr'>designetur,</span> <span class='ocrx_word' id='word_1_124' title='bbox 473 1515 530 1546; x_wconf 85' lang='lat' dir='ltr'>per</span> <span class='ocrx_word' id='word_1_125' title='bbox 541 1505 699 1544; x_wconf 88' lang='lat' dir='ltr'>geminam</span> 
     </span>
     <span class='ocr_line' id='line_1_28' title="bbox 130 1550 700 1592; baseline -0.004 -10"><span class='ocrx_word' id='word_1_126' title='bbox 130 1551 400 1592; x_wconf 85' lang='lat' dir='ltr'>comparationem</span> <span class='ocrx_word' id='word_1_127' title='bbox 434 1561 508 1580; x_wconf 89' lang='lat' dir='ltr'>cum</span> <span class='ocrx_word' id='word_1_128' title='bbox 541 1550 700 1580; x_wconf 84' lang='lat' dir='ltr'>nobilissi-</span> 
     </span>
     <span class='ocr_line' id='line_1_29' title="bbox 130 1597 700 1637; baseline -0.002 -9"><span class='ocrx_word' id='word_1_129' title='bbox 130 1598 191 1628; x_wconf 88' lang='lat' dir='ltr'>mis</span> <span class='ocrx_word' id='word_1_130' title='bbox 223 1597 533 1637; x_wconf 88' lang='lat' dir='ltr'>bellicosissimisque</span> <span class='ocrx_word' id='word_1_131' title='bbox 559 1597 700 1627; x_wconf 90' lang='lat' dir='ltr'>animali-</span> 
     </span>
     <span class='ocr_line' id='line_1_30' title="bbox 130 1640 699 1684; baseline -0.004 -10"><span class='ocrx_word' id='word_1_132' title='bbox 130 1644 206 1682; x_wconf 84' lang='lat' dir='ltr'>bus,</span> <span class='ocrx_word' id='word_1_133' title='bbox 234 1653 372 1684; x_wconf 89' lang='lat' dir='ltr'>quorum</span> <span class='ocrx_word' id='word_1_134' title='bbox 395 1641 488 1672; x_wconf 60' lang='lat' dir='ltr'>etium</span> <span class='ocrx_word' id='word_1_135' title='bbox 512 1640 597 1672; x_wconf 72' lang='lat' dir='ltr'>nunc</span> <span class='ocrx_word' id='word_1_136' title='bbox 622 1644 699 1673; x_wconf 90' lang='lat' dir='ltr'>ima-</span> 
     </span>
     <span class='ocr_line' id='line_1_31' title="bbox 130 1689 697 1732; baseline 0 -12"><span class='ocrx_word' id='word_1_137' title='bbox 130 1691 217 1732; x_wconf 85' lang='lat' dir='ltr'>gines</span> <span class='ocrx_word' id='word_1_138' title='bbox 232 1690 267 1719; x_wconf 91' lang='lat' dir='ltr'>in</span> <span class='ocrx_word' id='word_1_139' title='bbox 289 1689 501 1719; x_wconf 79' lang='lat' dir='ltr'>maximorum</span> <span class='ocrx_word' id='word_1_140' title='bbox 516 1689 697 1730; x_wconf 85' lang='lat' dir='ltr'>principum</span> 
     </span>
     <span class='ocr_line' id='line_1_32' title="bbox 130 1735 699 1777; baseline 0 -11"><span class='ocrx_word' id='word_1_141' title='bbox 130 1735 324 1777; x_wconf 84' lang='lat' dir='ltr'>insignibus,</span> <span class='ocrx_word' id='word_1_142' title='bbox 350 1745 410 1765; x_wconf 89' lang='lat' dir='ltr'>ceu</span> <span class='ocrx_word' id='word_1_143' title='bbox 435 1735 506 1764; x_wconf 89' lang='lat' dir='ltr'>viva</span> <span class='ocrx_word' id='word_1_144' title='bbox 537 1737 699 1775; x_wconf 80' lang='lat' dir='ltr'>potestatis</span> 
     </span>
     <span class='ocr_line' id='line_1_33' title="bbox 131 1780 699 1822; baseline -0.004 -9"><span class='ocrx_word' id='word_1_145' title='bbox 131 1781 392 1822; x_wconf 85' lang='lat' dir='ltr'>fortitudinisque</span> <span class='ocrx_word' id='word_1_146' title='bbox 431 1781 634 1819; x_wconf 87' lang='lat' dir='ltr'>emblemata,</span> <span class='ocrx_word' id='word_1_147' title='bbox 661 1780 699 1811; x_wconf 80' lang='lat' dir='ltr'>fi-</span> 
     </span>
     <span class='ocr_line' id='line_1_34' title="bbox 131 1827 698 1870; baseline 0 -12"><span class='ocrx_word' id='word_1_148' title='bbox 131 1834 296 1870; x_wconf 83' lang='lat' dir='ltr'>gurantur.</span> <span class='ocrx_word' id='word_1_149' title='bbox 311 1845 358 1851; x_wconf 89' lang='lat'>—-</span> <span class='ocrx_word' id='word_1_150' title='bbox 379 1827 439 1858; x_wconf 81' lang='lat' dir='ltr'>Cui</span> <span class='ocrx_word' id='word_1_151' title='bbox 458 1838 517 1857; x_wconf 70' lang='lat' dir='ltr'>rex</span> <span class='ocrx_word' id='word_1_152' title='bbox 545 1828 698 1858; x_wconf 74' lang='lat' dir='ltr'>deorum:</span> 
     </span>
     <span class='ocr_line' id='line_1_35' title="bbox 132 1874 698 1916; baseline 0 -13"><span class='ocrx_word' id='word_1_153' title='bbox 132 1874 236 1915; x_wconf 88' lang='lat' dir='ltr'>aquila</span> <span class='ocrx_word' id='word_1_154' title='bbox 246 1896 255 1911; x_wconf 89' lang='lat'>,</span> <span class='ocrx_word' id='word_1_155' title='bbox 264 1881 448 1904; x_wconf 88' lang='lat' dir='ltr'>caeterarum</span> <span class='ocrx_word' id='word_1_156' title='bbox 459 1875 566 1904; x_wconf 87' lang='lat' dir='ltr'>avium</span> <span class='ocrx_word' id='word_1_157' title='bbox 575 1876 679 1916; x_wconf 85' lang='lat' dir='ltr'>regina</span> <span class='ocrx_word' id='word_1_158' title='bbox 689 1897 698 1911; x_wconf 92' lang='lat'>,</span> 
     </span>
     <span class='ocr_line' id='line_1_36' title="bbox 131 1920 700 1961; baseline 0.002 -12"><span class='ocrx_word' id='word_1_159' title='bbox 131 1920 219 1961; x_wconf 77' lang='lat' dir='ltr'>quod</span> <span class='ocrx_word' id='word_1_160' title='bbox 242 1930 293 1950; x_wconf 83' lang='lat' dir='ltr'>eas</span> <span class='ocrx_word' id='word_1_161' title='bbox 318 1920 439 1950; x_wconf 87' lang='lat' dir='ltr'>viribus</span> <span class='ocrx_word' id='word_1_162' title='bbox 461 1927 492 1949; x_wconf 87' lang='lat' dir='ltr'>et</span> <span class='ocrx_word' id='word_1_163' title='bbox 514 1920 700 1951; x_wconf 78' lang='lat' dir='ltr'>fortitudine</span> 
     </span>
     <span class='ocr_line' id='line_1_37' title="bbox 131 1966 699 2007; baseline 0.002 -11"><span class='ocrx_word' id='word_1_164' title='bbox 131 1972 275 2007; x_wconf 88' lang='lat' dir='ltr'>superet,</span> <span class='ocrx_word' id='word_1_165' title='bbox 308 1976 440 2007; x_wconf 87' lang='lat' dir='ltr'>regnum</span> <span class='ocrx_word' id='word_1_166' title='bbox 465 1966 569 1996; x_wconf 75' lang='lat' dir='ltr'>tamen</span> <span class='ocrx_word' id='word_1_167' title='bbox 591 1977 657 1996; x_wconf 90' lang='lat' dir='ltr'>non</span> <span class='ocrx_word' id='word_1_168' title='bbox 680 1966 699 1997; x_wconf 74' lang='grc' dir='ltr'><em>ὲ</em></span> 
     </span>
     <span class='ocr_line' id='line_1_38' title="bbox 130 2011 700 2053; baseline 0 -11"><span class='ocrx_word' id='word_1_169' title='bbox 130 2011 243 2053; x_wconf 71' lang='lat' dir='ltr'>suapte</span> <span class='ocrx_word' id='word_1_170' title='bbox 256 2012 383 2048; x_wconf 73' lang='lat' dir='ltr'>natura,</span> <span class='ocrx_word' id='word_1_171' title='bbox 399 2012 454 2042; x_wconf 88' lang='lat' dir='ltr'>sed</span> <span class='ocrx_word' id='word_1_172' title='bbox 468 2011 517 2043; x_wconf 63' lang='grc' dir='ltr'>ὰ]</span> <span class='ocrx_word' id='word_1_173' title='bbox 520 2013 588 2042; x_wconf 87' lang='lat' dir='ltr'>ovis</span> <span class='ocrx_word' id='word_1_174' title='bbox 599 2011 700 2043; x_wconf 67' lang='lat' dir='ltr'>libera</span> 
     </span>
     <span class='ocr_line' id='line_1_39' title="bbox 132 2056 700 2094; baseline 0 -5"><span class='ocrx_word' id='word_1_175' title='bbox 132 2059 354 2094; x_wconf 84' lang='lat' dir='ltr'>concessione,</span> <span class='ocrx_word' id='word_1_176' title='bbox 367 2060 401 2088; x_wconf 89' lang='lat' dir='ltr'>iu</span> <span class='ocrx_word' id='word_1_177' title='bbox 424 2056 499 2088; x_wconf 84' lang='lat' dir='ltr'>fidei</span> <span class='ocrx_word' id='word_1_178' title='bbox 517 2059 700 2090; x_wconf 87' lang='lat' dir='ltr'>ministerii·</span> 
     </span>
     <span class='ocr_line' id='line_1_40' title="bbox 131 2104 701 2145; baseline 0.002 -11"><span class='ocrx_word' id='word_1_179' title='bbox 131 2115 194 2145; x_wconf 86' lang='lat' dir='ltr'>que</span> <span class='ocrx_word' id='word_1_180' title='bbox 221 2104 399 2135; x_wconf 85' lang='lat' dir='ltr'>mercedem</span> <span class='ocrx_word' id='word_1_181' title='bbox 421 2111 604 2142; x_wconf 79' lang='lat' dir='ltr'>mutuatur3</span> <span class='ocrx_word' id='word_1_182' title='bbox 624 2105 701 2136; x_wconf 88' lang='lat' dir='ltr'>allu-</span> 
     </span>
     <span class='ocr_line' id='line_1_41' title="bbox 131 2149 701 2192; baseline 0.002 -12"><span class='ocrx_word' id='word_1_183' title='bbox 131 2149 179 2180; x_wconf 86' lang='lat' dir='ltr'>dit</span> <span class='ocrx_word' id='word_1_184' title='bbox 191 2151 342 2181; x_wconf 87' lang='lat' dir='ltr'>Horatius</span> <span class='ocrx_word' id='word_1_185' title='bbox 361 2149 400 2181; x_wconf 89' lang='lat' dir='ltr'>ad</span> <span class='ocrx_word' id='word_1_186' title='bbox 417 2152 596 2192; x_wconf 81' lang='lat' dir='ltr'>Augustum</span> <span class='ocrx_word' id='word_1_187' title='bbox 618 2158 648 2181; x_wconf 88' lang='lat' dir='ltr'>et</span> <span class='ocrx_word' id='word_1_188' title='bbox 662 2151 701 2181; x_wconf 90' lang='lat' dir='ltr'>ad</span> 
     </span>
     <span class='ocr_line' id='line_1_42' title="bbox 128 2196 702 2238; baseline 0.002 -11"><span class='ocrx_word' id='word_1_189' title='bbox 128 2197 279 2236; x_wconf 84' lang='lat' dir='ltr'>juvenem</span> <span class='ocrx_word' id='word_1_190' title='bbox 310 2197 489 2238; x_wconf 82' lang='lat' dir='ltr'>principem</span> <span class='ocrx_word' id='word_1_191' title='bbox 511 2196 563 2227; x_wconf 88' lang='lat' dir='ltr'>hic</span> <span class='ocrx_word' id='word_1_192' title='bbox 590 2197 702 2238; x_wconf 79' lang='lat' dir='ltr'>aquilae</span> 
     </span>
    </p>
   </div>
   <div class='ocr_carea' id='block_1_3' title="bbox 744 673 1321 2242">
    <p class='ocr_par' dir='ltr' id='par_1_3' title="bbox 744 673 1316 1177">
     <span class='ocr_line' id='line_1_43' title="bbox 745 673 1312 715; baseline 0.007 -12"><span class='ocrx_word' id='word_1_193' title='bbox 745 673 963 712; x_wconf 82' lang='lat' dir='ltr'>assimilatum,</span> <span class='ocrx_word' id='word_1_194' title='bbox 978 674 1148 715; x_wconf 81' lang='lat' dir='ltr'>innuitque</span> <span class='ocrx_word' id='word_1_195' title='bbox 1171 675 1312 707; x_wconf 83' lang='lat' dir='ltr'>Drusum</span> 
     </span>
     <span class='ocr_line' id='line_1_44' title="bbox 745 718 1313 766; baseline 0.005 -16"><span class='ocrx_word' id='word_1_196' title='bbox 745 719 858 762; x_wconf 90' lang='lat' dir='ltr'>(quod</span> <span class='ocrx_word' id='word_1_197' title='bbox 889 720 966 750; x_wconf 75' lang='lat' dir='ltr'>mox</span> <span class='ocrx_word' id='word_1_198' title='bbox 989 718 1103 750; x_wconf 74' lang='lat' dir='ltr'>clarius</span> <span class='ocrx_word' id='word_1_199' title='bbox 1137 720 1313 766; x_wconf 75' lang='lat' dir='ltr'>indicabit)</span> 
     </span>
     <span class='ocr_line' id='line_1_45' title="bbox 745 765 1315 807; baseline 0.007 -11"><span class='ocrx_word' id='word_1_200' title='bbox 745 768 851 796; x_wconf 85' lang='lat' dir='ltr'>omnia</span> <span class='ocrx_word' id='word_1_201' title='bbox 881 769 1030 807; x_wconf 87' lang='lat' dir='ltr'>Augusto</span> <span class='ocrx_word' id='word_1_202' title='bbox 1060 765 1186 799; x_wconf 87' lang='lat' dir='ltr'>debere.</span> <span class='ocrx_word' id='word_1_203' title='bbox 1211 767 1261 799; x_wconf 84' lang='lat' dir='ltr'>Sic</span> <span class='ocrx_word' id='word_1_204' title='bbox 1282 780 1315 800; x_wconf 86' lang='lat' dir='ltr'>se</span> 
     </span>
     <span class='ocr_line' id='line_1_46' title="bbox 745 811 1313 853; baseline 0.005 -11"><span class='ocrx_word' id='word_1_205' title='bbox 745 819 873 843; x_wconf 86' lang='lat' dir='ltr'>cautum</span> <span class='ocrx_word' id='word_1_206' title='bbox 880 811 1313 853; x_wconf 78' lang='lat' dir='ltr'>etprudentemlaudatorem</span> 
     </span>
     <span class='ocr_line' id='line_1_47' title="bbox 745 859 1313 900; baseline 0.002 -9"><span class='ocrx_word' id='word_1_207' title='bbox 745 861 860 891; x_wconf 87' lang='lat' dir='ltr'>Noster</span> <span class='ocrx_word' id='word_1_208' title='bbox 879 859 1020 891; x_wconf 83' lang='lat' dir='ltr'>exhibet.</span> <span class='ocrx_word' id='word_1_209' title='bbox 1035 876 1082 883; x_wconf 90' lang='lat'>——-</span> <span class='ocrx_word' id='word_1_210' title='bbox 1095 861 1134 889; x_wconf 82' lang='lat' dir='ltr'>In</span> <span class='ocrx_word' id='word_1_211' title='bbox 1151 860 1313 900; x_wconf 78' lang='lat' dir='ltr'>Ganyme-</span> 
     </span>
     <span class='ocr_line' id='line_1_48' title="bbox 745 905 1312 948; baseline 0.004 -13"><span class='ocrx_word' id='word_1_212' title='bbox 745 905 786 935; x_wconf 85' lang='lat' dir='ltr'>de</span> <span class='ocrx_word' id='word_1_213' title='bbox 784 905 878 948; x_wconf 80' lang='lat' dir='ltr'>flavo</span> <span class='ocrx_word' id='word_1_214' title='bbox 892 917 900 934; x_wconf 91' lang='lat'>.·</span> <span class='ocrx_word' id='word_1_215' title='bbox 921 905 1122 946; x_wconf 82' lang='lat' dir='ltr'>Ganymedes</span> <span class='ocrx_word' id='word_1_216' title='bbox 1132 928 1141 943; x_wconf 92' lang='lat'>,</span> <span class='ocrx_word' id='word_1_217' title='bbox 1163 906 1312 947; x_wconf 87' lang='lat' dir='ltr'>pulcher-</span> 
     </span>
     <span class='ocr_line' id='line_1_49' title="bbox 746 951 1312 994; baseline 0.005 -14"><span class='ocrx_word' id='word_1_218' title='bbox 746 953 844 981; x_wconf 88' lang='lat' dir='ltr'>rimus</span> <span class='ocrx_word' id='word_1_219' title='bbox 859 951 967 988; x_wconf 78' lang='lat' dir='ltr'>Trois,</span> <span class='ocrx_word' id='word_1_220' title='bbox 986 953 1199 990; x_wconf 81' lang='lat' dir='ltr'>Trojanorum</span> <span class='ocrx_word' id='word_1_221' title='bbox 1211 954 1293 994; x_wconf 85' lang='lat' dir='ltr'>regis</span> <span class='ocrx_word' id='word_1_222' title='bbox 1303 976 1312 990; x_wconf 90' lang='lat'><strong>‚</strong></span> 
     </span>
     <span class='ocr_line' id='line_1_50' title="bbox 744 996 1315 1040; baseline 0.004 -13"><span class='ocrx_word' id='word_1_223' title='bbox 744 996 830 1027; x_wconf 89' lang='lat' dir='ltr'>filius</span> <span class='ocrx_word' id='word_1_224' title='bbox 841 1020 849 1035; x_wconf 95' lang='lat'><strong>‚</strong></span> <span class='ocrx_word' id='word_1_225' title='bbox 863 1008 959 1037; x_wconf 90' lang='lat' dir='ltr'>quem</span> <span class='ocrx_word' id='word_1_226' title='bbox 972 1005 1073 1038; x_wconf 84' lang='lat' dir='ltr'>poetae</span> <span class='ocrx_word' id='word_1_227' title='bbox 1086 996 1213 1040; x_wconf 87' lang='lat' dir='ltr'>fingunt</span> <span class='ocrx_word' id='word_1_228' title='bbox 1224 999 1315 1038; x_wconf 83' lang='lat' dir='ltr'>jussu</span> 
     </span>
     <span class='ocr_line' id='line_1_51' title="bbox 745 1042 1313 1085; baseline 0.004 -11"><span class='ocrx_word' id='word_1_229' title='bbox 745 1045 837 1074; x_wconf 86' lang='lat' dir='ltr'>Jovis</span> <span class='ocrx_word' id='word_1_230' title='bbox 859 1044 898 1074; x_wconf 90' lang='lat' dir='ltr'>ab</span> <span class='ocrx_word' id='word_1_231' title='bbox 923 1042 1028 1084; x_wconf 69' lang='lat' dir='ltr'>aquila</span> <span class='ocrx_word' id='word_1_232' title='bbox 1051 1051 1177 1085; x_wconf 88' lang='lat' dir='ltr'>raptum</span> <span class='ocrx_word' id='word_1_233' title='bbox 1199 1044 1313 1084; x_wconf 80' lang='lat' dir='ltr'>fuisse,</span> 
     </span>
     <span class='ocr_line' id='line_1_52' title="bbox 749 1089 1316 1130; baseline 0.005 -11"><span class='ocrx_word' id='word_1_234' title='bbox 749 1096 785 1120; x_wconf 87' lang='lat' dir='ltr'>ut</span> <span class='ocrx_word' id='word_1_235' title='bbox 795 1112 804 1127; x_wconf 90' lang='lat'>‚</span> <span class='ocrx_word' id='word_1_236' title='bbox 818 1090 923 1120; x_wconf 83' lang='lat' dir='ltr'>Hebes</span> <span class='ocrx_word' id='word_1_237' title='bbox 936 1089 1009 1120; x_wconf 89' lang='lat' dir='ltr'>loco</span> <span class='ocrx_word' id='word_1_238' title='bbox 1025 1091 1229 1130; x_wconf 85' lang='lat' dir='ltr'>substitutus,</span> <span class='ocrx_word' id='word_1_239' title='bbox 1245 1102 1316 1123; x_wconf 88' lang='lat' dir='ltr'>nec-</span> 
     </span>
     <span class='ocr_line' id='line_1_53' title="bbox 750 1136 1268 1177; baseline 0.004 -11"><span class='ocrx_word' id='word_1_240' title='bbox 750 1143 798 1166; x_wconf 82' lang='lat' dir='ltr'>tar</span> <span class='ocrx_word' id='word_1_241' title='bbox 815 1137 944 1177; x_wconf 83' lang='lat' dir='ltr'>Superis</span> <span class='ocrx_word' id='word_1_242' title='bbox 962 1137 997 1166; x_wconf 90' lang='lat' dir='ltr'>in</span> <span class='ocrx_word' id='word_1_243' title='bbox 1015 1136 1096 1167; x_wconf 87' lang='lat' dir='ltr'>coelo</span> <span class='ocrx_word' id='word_1_244' title='bbox 1111 1138 1268 1171; x_wconf 84' lang='lat' dir='ltr'>misceret.</span> 
     </span>
    </p>

    <p class='ocr_par' dir='ltr' id='par_1_4' title="bbox 750 1181 1321 2242">
     <span class='ocr_line' id='line_1_54' title="bbox 799 1181 1316 1215; baseline 0.006 -3"><span class='ocrx_word' id='word_1_245' title='bbox 799 1192 829 1212; x_wconf 78' lang='lat'>2.</span> <span class='ocrx_word' id='word_1_246' title='bbox 845 1181 932 1212; x_wconf 77' lang='lat' dir='ltr'>Olim</span> <span class='ocrx_word' id='word_1_247' title='bbox 947 1193 958 1212; x_wconf 91' lang='lat'><em>:</em></span> <span class='ocrx_word' id='word_1_248' title='bbox 982 1183 1111 1213; x_wconf 87' lang='lat' dir='ltr'>attende</span> <span class='ocrx_word' id='word_1_249' title='bbox 1142 1183 1183 1213; x_wconf 84' lang='lat' dir='ltr'>ad</span> <span class='ocrx_word' id='word_1_250' title='bbox 1205 1185 1316 1215; x_wconf 84' lang='lat' dir='ltr'>miram</span> 
     </span>
     <span class='ocr_line' id='line_1_55' title="bbox 751 1227 1318 1270; baseline 0.007 -13"><span class='ocrx_word' id='word_1_251' title='bbox 751 1228 984 1270; x_wconf 86' lang='lat' dir='ltr'>gradationem,</span> <span class='ocrx_word' id='word_1_252' title='bbox 1005 1227 1070 1270; x_wconf 65' lang='lat' dir='ltr'>qua</span> <span class='ocrx_word' id='word_1_253' title='bbox 1093 1230 1179 1260; x_wconf 79' lang='lat' dir='ltr'>varia</span> <span class='ocrx_word' id='word_1_254' title='bbox 1203 1230 1318 1261; x_wconf 84' lang='lat' dir='ltr'>educa-</span> 
     </span>
     <span class='ocr_line' id='line_1_56' title="bbox 752 1275 1316 1318; baseline 0.005 -14"><span class='ocrx_word' id='word_1_255' title='bbox 752 1275 834 1305; x_wconf 87' lang='lat' dir='ltr'>tioni</span> <span class='ocrx_word' id='word_1_256' title='bbox 859 1275 971 1315; x_wconf 86' lang='lat' dir='ltr'>aquilae</span> <span class='ocrx_word' id='word_1_257' title='bbox 995 1282 1138 1316; x_wconf 86' lang='lat' dir='ltr'>tempora</span> <span class='ocrx_word' id='word_1_258' title='bbox 1156 1276 1316 1318; x_wconf 83' lang='lat' dir='ltr'>assiguan-</span> 
     </span>
     <span class='ocr_line' id='line_1_57' title="bbox 753 1321 1316 1363; baseline 0.005 -13"><span class='ocrx_word' id='word_1_259' title='bbox 753 1327 816 1358; x_wconf 90' lang='lat' dir='ltr'>tur,</span> <span class='ocrx_word' id='word_1_260' title='bbox 837 1321 969 1361; x_wconf 86' lang='lat' dir='ltr'>ejusque</span> <span class='ocrx_word' id='word_1_261' title='bbox 996 1331 1179 1363; x_wconf 84' lang='lat' dir='ltr'>progressus</span> <span class='ocrx_word' id='word_1_262' title='bbox 1203 1329 1316 1354; x_wconf 83' lang='lat' dir='ltr'>notan-</span> 
     </span>
     <span class='ocr_line' id='line_1_58' title="bbox 754 1365 1318 1408; baseline 0.005 -12"><span class='ocrx_word' id='word_1_263' title='bbox 754 1373 815 1397; x_wconf 82' lang='lat' dir='ltr'>tur.</span> <span class='ocrx_word' id='word_1_264' title='bbox 843 1365 948 1403; x_wconf 81' lang='lat' dir='ltr'>Olim,</span> <span class='ocrx_word' id='word_1_265' title='bbox 969 1366 1064 1408; x_wconf 63' lang='lat' dir='ltr'>jum,</span> <span class='ocrx_word' id='word_1_266' title='bbox 1085 1367 1182 1406; x_wconf 74' lang='lat' dir='ltr'>mox,</span> <span class='ocrx_word' id='word_1_267' title='bbox 1207 1369 1318 1406; x_wconf 70' lang='lat' dir='ltr'>nunc,-</span> 
     </span>
     <span class='ocr_line' id='line_1_59' title="bbox 754 1411 1318 1451; baseline 0.007 -9"><span class='ocrx_word' id='word_1_268' title='bbox 754 1411 856 1449; x_wconf 67' lang='lat' dir='ltr'>Olim,</span> <span class='ocrx_word' id='word_1_269' title='bbox 879 1413 942 1443; x_wconf 92' lang='lat' dir='ltr'>hoc</span> <span class='ocrx_word' id='word_1_270' title='bbox 958 1420 1021 1451; x_wconf 88' lang='lat' dir='ltr'>est,</span> <span class='ocrx_word' id='word_1_271' title='bbox 1042 1415 1099 1444; x_wconf 84' lang='lat' dir='ltr'>vix</span> <span class='ocrx_word' id='word_1_272' title='bbox 1116 1424 1157 1444; x_wconf 86' lang='lat' dir='ltr'>ex</span> <span class='ocrx_word' id='word_1_273' title='bbox 1177 1424 1241 1445; x_wconf 84' lang='lat' dir='ltr'>ovo</span> <span class='ocrx_word' id='word_1_274' title='bbox 1262 1427 1318 1446; x_wconf 86' lang='lat' dir='ltr'>ex-</span> 
     </span>
     <span class='ocr_line' id='line_1_60' title="bbox 752 1458 1317 1503; baseline 0.007 -15"><span class='ocrx_word' id='word_1_275' title='bbox 752 1458 850 1496; x_wconf 82' lang='lat' dir='ltr'>clusa,</span> <span class='ocrx_word' id='word_1_276' title='bbox 866 1460 936 1500; x_wconf 88' lang='lat' dir='ltr'>ipso</span> <span class='ocrx_word' id='word_1_277' title='bbox 948 1459 1100 1490; x_wconf 82' lang='lat' dir='ltr'>natalium</span> <span class='ocrx_word' id='word_1_278' title='bbox 1116 1461 1238 1501; x_wconf 73' lang='lat' dir='ltr'>vigore,</span> <span class='ocrx_word' id='word_1_279' title='bbox 1249 1461 1317 1503; x_wconf 67' lang='lat' dir='ltr'>ipsa</span> 
     </span>
     <span class='ocr_line' id='line_1_61' title="bbox 751 1506 1316 1548; baseline 0.009 -14"><span class='ocrx_word' id='word_1_280' title='bbox 751 1507 845 1546; x_wconf 87' lang='lat' dir='ltr'>patrii</span> <span class='ocrx_word' id='word_1_281' title='bbox 853 1506 1014 1547; x_wconf 85' lang='lat' dir='ltr'>sanguinis</span> <span class='ocrx_word' id='word_1_282' title='bbox 1023 1507 1141 1537; x_wconf 84' lang='lat' dir='ltr'>virtute</span> <span class='ocrx_word' id='word_1_283' title='bbox 1149 1508 1316 1548; x_wconf 81' lang='lat' dir='ltr'>propulsa,</span> 
     </span>
     <span class='ocr_line' id='line_1_62' title="bbox 751 1551 1318 1593; baseline 0.007 -12"><span class='ocrx_word' id='word_1_284' title='bbox 751 1551 827 1581; x_wconf 77' lang='lat' dir='ltr'>licet</span> <span class='ocrx_word' id='word_1_285' title='bbox 845 1553 976 1582; x_wconf 78' lang='lat' dir='ltr'>omnino</span> <span class='ocrx_word' id='word_1_286' title='bbox 1003 1552 1168 1591; x_wconf 83' lang='lat' dir='ltr'>laborum,</span> <span class='ocrx_word' id='word_1_287' title='bbox 1196 1553 1230 1584; x_wconf 88' lang='lat' dir='ltr'>id</span> <span class='ocrx_word' id='word_1_288' title='bbox 1253 1562 1318 1593; x_wconf 86' lang='lat' dir='ltr'>est,</span> 
     </span>
     <span class='ocr_line' id='line_1_63' title="bbox 752 1596 1317 1642; baseline 0.007 -15"><span class='ocrx_word' id='word_1_289' title='bbox 752 1596 877 1628; x_wconf 74' lang='lat' dir='ltr'>volatus</span> <span class='ocrx_word' id='word_1_290' title='bbox 904 1599 1020 1636; x_wconf 85' lang='lat' dir='ltr'>inscia,</span> <span class='ocrx_word' id='word_1_291' title='bbox 1048 1599 1112 1629; x_wconf 72' lang='lat' dir='ltr'>fere</span> <span class='ocrx_word' id='word_1_292' title='bbox 1135 1600 1317 1642; x_wconf 83' lang='lat' dir='ltr'>implumis,</span> 
     </span>
     <span class='ocr_line' id='line_1_64' title="bbox 751 1643 1320 1686; baseline 0.007 -13"><span class='ocrx_word' id='word_1_293' title='bbox 751 1644 887 1674; x_wconf 78' lang='lat' dir='ltr'>attamen</span> <span class='ocrx_word' id='word_1_294' title='bbox 913 1643 980 1674; x_wconf 85' lang='lat' dir='ltr'>nidi</span> <span class='ocrx_word' id='word_1_295' title='bbox 1011 1645 1195 1686; x_wconf 87' lang='lat' dir='ltr'>impatiens,</span> <span class='ocrx_word' id='word_1_296' title='bbox 1225 1646 1320 1678; x_wconf 87' lang='lat' dir='ltr'>vellet</span> 
     </span>
     <span class='ocr_line' id='line_1_65' title="bbox 752 1690 1317 1733; baseline 0.007 -14"><span class='ocrx_word' id='word_1_297' title='bbox 752 1691 854 1720; x_wconf 86' lang='lat' dir='ltr'>ventis</span> <span class='ocrx_word' id='word_1_298' title='bbox 885 1691 1046 1721; x_wconf 88' lang='lat' dir='ltr'>tenuiores</span> <span class='ocrx_word' id='word_1_299' title='bbox 1074 1690 1178 1721; x_wconf 76' lang='lat' dir='ltr'>adhue</span> <span class='ocrx_word' id='word_1_300' title='bbox 1199 1702 1317 1733; x_wconf 86' lang='lat' dir='ltr'>pennas</span> 
     </span>
     <span class='ocr_line' id='line_1_66' title="bbox 751 1736 1318 1778; baseline 0.009 -13"><span class='ocrx_word' id='word_1_301' title='bbox 751 1736 958 1767; x_wconf 87' lang='lat' dir='ltr'>committere.</span> <span class='ocrx_word' id='word_1_302' title='bbox 989 1738 1093 1768; x_wconf 83' lang='lat' dir='ltr'>Invita</span> <span class='ocrx_word' id='word_1_303' title='bbox 1117 1736 1215 1778; x_wconf 76' lang='lat' dir='ltr'>igitur</span> <span class='ocrx_word' id='word_1_304' title='bbox 1241 1739 1318 1770; x_wconf 89' lang='lat' dir='ltr'>nido</span> 
     </span>
     <span class='ocr_line' id='line_1_67' title="bbox 751 1781 1311 1824; baseline 0.007 -12"><span class='ocrx_word' id='word_1_305' title='bbox 751 1781 847 1813; x_wconf 76' lang='lat' dir='ltr'>affixa</span> <span class='ocrx_word' id='word_1_306' title='bbox 865 1781 1060 1824; x_wconf 74' lang='lat' dir='ltr'>aliquamdiu</span> <span class='ocrx_word' id='word_1_307' title='bbox 1083 1790 1199 1815; x_wconf 85' lang='lat' dir='ltr'>manet.</span> <span class='ocrx_word' id='word_1_308' title='bbox 1218 1784 1311 1822; x_wconf 71' lang='lat' dir='ltr'>Jc‘am,</span> 
     </span>
     <span class='ocr_line' id='line_1_68' title="bbox 751 1829 1318 1871; baseline 0.005 -12"><span class='ocrx_word' id='word_1_309' title='bbox 751 1829 783 1860; x_wconf 88' lang='lat' dir='ltr'>h.</span> <span class='ocrx_word' id='word_1_310' title='bbox 800 1840 827 1860; x_wconf 89' lang='lat' dir='ltr'>e.</span> <span class='ocrx_word' id='word_1_311' title='bbox 842 1836 917 1870; x_wconf 88' lang='lat' dir='ltr'>post</span> <span class='ocrx_word' id='word_1_312' title='bbox 930 1829 1026 1860; x_wconf 74' lang='lat' dir='ltr'>breve</span> <span class='ocrx_word' id='word_1_313' title='bbox 1039 1837 1181 1871; x_wconf 87' lang='lat' dir='ltr'>tempus,</span> <span class='ocrx_word' id='word_1_314' title='bbox 1193 1831 1249 1862; x_wconf 83' lang='lat' dir='ltr'>ubi</span> <span class='ocrx_word' id='word_1_315' title='bbox 1263 1843 1318 1862; x_wconf 86' lang='lat' dir='ltr'>ver</span> 
     </span>
     <span class='ocr_line' id='line_1_69' title="bbox 751 1875 1318 1916; baseline 0.005 -11"><span class='ocrx_word' id='word_1_316' title='bbox 751 1875 879 1906; x_wconf 82' lang='lat' dir='ltr'>advenit</span> <span class='ocrx_word' id='word_1_317' title='bbox 899 1882 930 1906; x_wconf 90' lang='lat' dir='ltr'>et</span> <span class='ocrx_word' id='word_1_318' title='bbox 938 1875 1113 1916; x_wconf 84' lang='lat' dir='ltr'>placidiore</span> <span class='ocrx_word' id='word_1_319' title='bbox 1131 1876 1209 1907; x_wconf 82' lang='lat' dir='ltr'>flatu</span> <span class='ocrx_word' id='word_1_320' title='bbox 1231 1879 1318 1908; x_wconf 82' lang='lat' dir='ltr'>venti</span> 
     </span>
     <span class='ocr_line' id='line_1_70' title="bbox 750 1921 1318 1964; baseline 0.005 -13"><span class='ocrx_word' id='word_1_321' title='bbox 750 1922 890 1962; x_wconf 86' lang='lat' dir='ltr'>spirant,</span> <span class='ocrx_word' id='word_1_322' title='bbox 913 1922 1034 1952; x_wconf 84' lang='lat' dir='ltr'>viribus</span> <span class='ocrx_word' id='word_1_323' title='bbox 1059 1921 1171 1952; x_wconf 75' lang='lat' dir='ltr'>leviter</span> <span class='ocrx_word' id='word_1_324' title='bbox 1191 1923 1318 1964; x_wconf 73' lang='lat' dir='ltr'>quidem</span> 
     </span>
     <span class='ocr_line' id='line_1_71' title="bbox 752 1968 1319 2005; baseline 0.005 -8"><span class='ocrx_word' id='word_1_325' title='bbox 752 1969 868 2005; x_wconf 82' lang='lat' dir='ltr'>auctis,</span> <span class='ocrx_word' id='word_1_326' title='bbox 881 1968 1024 1998; x_wconf 89' lang='lat' dir='ltr'>insolitos</span> <span class='ocrx_word' id='word_1_327' title='bbox 1041 1969 1130 1998; x_wconf 83' lang='lat' dir='ltr'>nisus</span> <span class='ocrx_word' id='word_1_328' title='bbox 1148 1975 1247 1999; x_wconf 84' lang='lat' dir='ltr'>tentat</span> <span class='ocrx_word' id='word_1_329' title='bbox 1256 1970 1319 2000; x_wconf 61' lang='lat' dir='ltr'>ales</span> 
     </span>
     <span class='ocr_line' id='line_1_72' title="bbox 752 2013 1320 2054; baseline 0.005 -11"><span class='ocrx_word' id='word_1_330' title='bbox 752 2024 919 2054; x_wconf 86' lang='lat' dir='ltr'>generosa,</span> <span class='ocrx_word' id='word_1_331' title='bbox 936 2013 991 2044; x_wconf 77' lang='lat' dir='ltr'>sed</span> <span class='ocrx_word' id='word_1_332' title='bbox 1007 2014 1098 2045; x_wconf 76' lang='lat' dir='ltr'>caute</span> <span class='ocrx_word' id='word_1_333' title='bbox 1111 2015 1216 2045; x_wconf 78' lang='lat' dir='ltr'>tamen</span> <span class='ocrx_word' id='word_1_334' title='bbox 1234 2023 1265 2046; x_wconf 85' lang='lat' dir='ltr'>et</span> <span class='ocrx_word' id='word_1_335' title='bbox 1279 2017 1320 2046; x_wconf 88' lang='lat' dir='ltr'>ti·</span> 
     </span>
     <span class='ocr_line' id='line_1_73' title="bbox 753 2058 1319 2101; baseline 0.007 -12"><span class='ocrx_word' id='word_1_336' title='bbox 753 2059 856 2098; x_wconf 75' lang='lat' dir='ltr'>mide,</span> <span class='ocrx_word' id='word_1_337' title='bbox 877 2071 1015 2101; x_wconf 84' lang='lat' dir='ltr'>pavens,</span> <span class='ocrx_word' id='word_1_338' title='bbox 1033 2058 1077 2091; x_wconf 59' lang='lat' dir='ltr'>iti</span> <span class='ocrx_word' id='word_1_339' title='bbox 1101 2067 1137 2091; x_wconf 84' lang='lat' dir='ltr'>nt</span> <span class='ocrx_word' id='word_1_340' title='bbox 1157 2059 1176 2091; x_wconf 72' lang='grc' dir='ltr'>ὲ</span> <span class='ocrx_word' id='word_1_341' title='bbox 1204 2063 1319 2094; x_wconf 76' lang='lat' dir='ltr'>teneris</span> 
     </span>
     <span class='ocr_line' id='line_1_74' title="bbox 753 2105 1320 2146; baseline 0.007 -11"><span class='ocrx_word' id='word_1_342' title='bbox 753 2105 953 2146; x_wconf 87' lang='lat' dir='ltr'>prudentiam</span> <span class='ocrx_word' id='word_1_343' title='bbox 979 2107 1014 2136; x_wconf 91' lang='lat' dir='ltr'>in</span> <span class='ocrx_word' id='word_1_344' title='bbox 1036 2117 1069 2136; x_wconf 84' lang='lat' dir='ltr'>se</span> <span class='ocrx_word' id='word_1_345' title='bbox 1101 2117 1174 2137; x_wconf 88' lang='lat' dir='ltr'>cum</span> <span class='ocrx_word' id='word_1_346' title='bbox 1202 2109 1320 2139; x_wconf 75' lang='lat' dir='ltr'>virtute</span> 
     </span>
     <span class='ocr_line' id='line_1_75' title="bbox 755 2153 1321 2195; baseline 0.004 -13"><span class='ocrx_word' id='word_1_347' title='bbox 755 2153 957 2191; x_wconf 85' lang='lat' dir='ltr'>conjunctam</span> <span class='ocrx_word' id='word_1_348' title='bbox 964 2159 1112 2191; x_wconf 81' lang='lat' dir='ltr'>testetur3</span> <span class='ocrx_word' id='word_1_349' title='bbox 1123 2153 1209 2194; x_wconf 88' lang='lat' dir='ltr'>quod</span> <span class='ocrx_word' id='word_1_350' title='bbox 1219 2161 1321 2195; x_wconf 85' lang='lat' dir='ltr'>poetae</span> 
     </span>
     <span class='ocr_line' id='line_1_76' title="bbox 755 2198 1321 2242; baseline 0.004 -14"><span class='ocrx_word' id='word_1_351' title='bbox 755 2199 920 2239; x_wconf 69' lang='lat' dir='ltr'>proposito</span> <span class='ocrx_word' id='word_1_352' title='bbox 950 2198 1029 2230; x_wconf 75' lang='lat' dir='ltr'>mire</span> <span class='ocrx_word' id='word_1_353' title='bbox 1070 2201 1237 2240; x_wconf 83' lang='lat' dir='ltr'>congruit,</span> <span class='ocrx_word' id='word_1_354' title='bbox 1265 2201 1321 2242; x_wconf 88' lang='lat' dir='ltr'>qui</span> 
     </span>
    </p>
   </div>
  </div>
 </body>
</html>
