1422 2528
120 144 160 179 34
519 144 558 183 Q.
583 141 760 174 nomem
785 141 936 174 FLAcc1

221 199 400 238 Lesbium
415 207 561 236 servate
578 200 732 249 pedem,
755 201 904 250 meique
1203 216 1207 220 ·
1272 209 1301 233 35

427 258 576 295 Pollicis
590 258 725 304 ictum,

223 319 307 356 Rite
329 325 356 341 ¹0
376 321 530 355 Latonae
550 330 713 367 puerum
732 328 929 365 canenteS,

222 378 308 415 Rite
327 375 558 414 crescentem
578 377 658 413 face
673 377 926 423 Noctilucam,

219 439 447 488 Prosperam
467 437 638 486 frugum,
659 437 894 487 celeremque
914 449 1054 487 pronos

333 547 336 548 ⁷
427 498 591 534 Volvere
606 509 764 534 menses.
1048 498 1050 500 ’
1213 491 1219 496 ”
1269 507 1300 534 40

222 560 351 608 Nupta
366 558 443 607 jam
460 557 561 594 dices
583 563 608 579 ¹¹
631 570 639 592 ε
661 574 676 590 α
692 559 772 607 Ego
791 556 858 595 Dis
878 558 1060 604 amicum,

224 632 239 649 >2
259 616 406 653 saeculo
424 616 535 653 festas
553 615 741 653 referente
761 617 863 653 luces
875 646 885 664 ,

224 694 239 710 r>
261 676 424 714 Reddidi
441 689 612 723 carmen,
636 675 768 714 docilis
787 677 988 714 modorum

430 750 445 769 ³>
462 736 566 773 vatis
589 734 736 774 Horati.
755 752 770 769 »

116 880 220 911 statim
231 880 388 911 morituri.
402 897 448 904 -—-
461 879 605 911 Lesbium
621 891 681 911 ser-

119 935 189 956 vate
198 927 315 967 pedem
336 937 347 955 .·
378 927 418 956 ad.
439 928 584 956 carminis
615 938 683 968 sap-

116 973 204 1013 phici
226 982 376 1002 numeros
399 973 480 1003 bene
505 974 682 1013 exprimen-

117 1018 174 1049 dos
193 1018 354 1049 attendite.
367 1019 501 1050 Carmen
516 1018 600 1048 enim
618 1021 681 1049 Sae-

116 1065 223 1095 culare
250 1065 389 1094 numeris
419 1065 577 1105 sapphicis
607 1075 682 1094 con-

116 1117 188 1142 stat.
204 1127 250 1135 —-
266 1110 394 1151 ,Meique
406 1110 535 1140 Pollicis
558 1110 651 1140 ictum
669 1121 680 1140 .·

113 1163 145 1187 et
169 1156 210 1187 ad
238 1156 349 1187 modos
377 1167 458 1197 quos
482 1166 539 1197 ego
550 1178 559 1194 ,
579 1156 681 1197 lyram

115 1213 215 1243 meam
231 1203 360 1244 pulsans
382 1202 515 1242 pollice,
536 1202 681 1232 cantibus

116 1250 228 1279 vestris
255 1247 394 1279 sociabo.
409 1249 503 1289 Agite
525 1246 624 1288 igitur
646 1254 683 1277 ut

116 1304 210 1324 vooes
225 1301 335 1324 vestrae
349 1292 422 1324 cum
432 1291 502 1334 lyra
517 1292 585 1322 mea
601 1293 682 1323 bene

115 1341 180 1370 siut
192 1339 376 1370 concordes.

166 1396 218 1416 10.
234 1385 325 1415 Rite.-
341 1383 496 1425 religiose.
511 1385 536 1414 E
550 1384 683 1414 consilio

117 1431 227 1462 eadem
242 1441 311 1462 vox
324 1432 359 1461 in
373 1440 467 1461 versu
479 1431 624 1470 sequenti
637 1441 684 1460 re-

115 1479 245 1519 petirur.
261 1495 308 1501 —
321 1476 523 1508 Noctilucam
541 1485 549 1506 :
566 1486 684 1517 coguo-

117 1534 190 1555 men
203 1525 320 1561 Lunae;
337 1524 416 1553 ratio
429 1529 524 1563 patet.
538 1540 585 1546 ——
600 1523 686 1552 Cres-

116 1577 240 1600 centem
263 1569 346 1611 face
364 1580 376 1598 .·
396 1578 487 1609 quae,
516 1567 685 1609 postquAm

115 1627 174 1658 per
187 1616 309 1656 aliquot
325 1622 436 1646 noctes
453 1614 560 1644 lucere
574 1614 683 1652 desiit,

115 1662 222 1693 lucem
255 1661 425 1692 crescendo
456 1667 591 1701 reparat.
616 1661 685 1690 Nec

117 1719 198 1739 nova
226 1707 397 1738 crescendo
423 1707 596 1747 reparabat
619 1717 685 1736 cor·

118 1765 184 1784 ηιια
213 1753 351 1790 Plzoebe,·
376 1753 470 1785 Ovid.
497 1754 627 1783 Metam.
646 1755 678 1789 1,

121 1811 135 1830 1
145 1811 158 1830 ι
166 1824 172 1831 .
183 1817 230 1824 -
239 1802 427 1840 Prosperam
434 1798 567 1841 frugum
577 1810 587 1828 :
597 1797 684 1839 quod

117 1853 278 1877 nocturno
304 1845 420 1887 frigore
454 1846 684 1884 nocturnisque

118 1892 244 1923 roribus
262 1891 366 1932 fruges
383 1901 450 1921 non
466 1889 572 1920 minus
588 1889 683 1930 quam

118 1938 192 1969 nolis
202 1937 304 1969 calore
315 1938 525 1977 juventur.—
531 1936 686 1967 Celerem-

732 892 792 922 que
802 892 923 922 pronos
946 881 1075 912 volvere
1091 889 1218 911 menses
1234 890 1246 909 .-
1265 886 1302 910 at

733 927 826 968 supra
838 950 846 965 ‚
860 928 922 959 od.
942 929 976 965 1,
1000 927 1040 957 16
1051 949 1059 964 ,
1077 927 1114 957 18
1129 937 1138 964 3
1156 927 1202 956 Ec
1216 925 1299 956 cele-

735 984 800 1003 rem
819 974 911 1014 sequi
928 973 1086 1015 Ajacem,·
1106 979 1137 1003 et
1156 973 1227 1009 111,
1248 981 1303 1009 η,

739 1029 777 1049 12
798 1029 805 1050 :
823 1019 913 1050 Celer
925 1018 1070 1059 eaecipere
1085 1027 1208 1059 aprum.
1225 1019 1302 1048 Por-

734 1065 771 1095 ro
795 1066 880 1095 celer
903 1066 978 1095 luna
991 1087 1000 1102 ,
1013 1072 1044 1094 ec
1056 1064 1152 1104 proni
1178 1073 1302 1094 menses

735 1110 898 1148 dicuntur,
916 1110 1007 1151 quia,
1027 1109 1104 1140 dum
1130 1109 1179 1140 sol
1193 1109 1302 1146 semel,

733 1156 811 1186 luna
838 1155 1009 1186 duodecies
1045 1166 1175 1186 cursum
1206 1165 1302 1185 suum

734 1203 871 1243 peragit,
890 1208 922 1232 et
949 1203 985 1232 in
1017 1211 1103 1232 anno
1128 1199 1300 1231 duodecim

734 1258 857 1277 menses
876 1253 961 1278 sunt,

770 1304 783 1322 1
793 1304 806 1322 1
813 1315 820 1323 .
831 1293 941 1332 Nupta
946 1292 1015 1334 sitm
1023 1291 1109 1322 dices
1118 1301 1130 1320 .·
1139 1289 1301 1331 quondam

735 1339 795 1368 erit
803 1345 839 1368 ut
851 1347 1049 1378 unaquaeque
1064 1337 1081 1367 ὲ
1094 1336 1202 1375 vobis,
1217 1346 1309 1368 uxor

735 1390 897 1424 materque
905 1383 996 1420 facta,
1006 1393 1079 1412 cum
1087 1381 1175 1424 grata.
1194 1393 1301 1413 recor-

737 1430 863 1460 datione
899 1429 982 1460 diem
1007 1428 1100 1459 inum
1129 1428 1300 1459 solemnem

737 1482 768 1506 et
797 1483 967 1518 augustum
1000 1475 1104 1506 animo
1140 1474 1300 1512 revolvat,

737 1532 802 1563 quo
833 1523 968 1552 carmina
992 1530 1061 1551 mea
1086 1530 1202 1562 magno
1227 1530 1301 1551 cum

736 1568 852 1608 plausu
877 1568 1038 1598 cecinerit.
1075 1566 1126 1598 Sic
1165 1565 1301 1597 chorum

736 1615 848 1643 incitat
866 1614 1016 1644 Horatius
1031 1611 1069 1642 ad
1084 1622 1216 1642 munere
1241 1622 1301 1643 suo

737 1660 820 1690 recte
829 1666 861 1690 et
876 1659 993 1689 attente
1006 1657 1220 1700 fungendum,
1230 1667 1300 1698 quae

738 1716 786 1736 res
805 1705 844 1736 ad
857 1706 956 1746 ipsius
974 1711 1076 1746 poetae
1088 1704 1221 1746 gloriam
1235 1713 1301 1734 ma-

738 1752 823 1782 xime
852 1751 1028 1792 spectabat,
1045 1749 1128 1781 cnm.
1143 1749 1182 1780 de
1203 1750 1300 1780 versi-

736 1797 814 1834 bus,
838 1804 935 1838 prout
952 1796 1034 1828 bene
1055 1802 1111 1826 aut
1130 1795 1210 1826 male
1233 1794 1303 1826 red-

736 1843 795 1873 diti
821 1850 912 1881 sunt,
931 1843 1090 1873 diversum
1117 1848 1149 1872 et
1180 1847 1302 1872 contra-

738 1890 824 1920 rium
843 1887 972 1930 prorsus
982 1888 1139 1929 judicium
1157 1897 1302 1928 pronun-

740 1936 847 1966 tietur.
