1422 2528
163 129 235 164 154x

998 0 1003 9 ¹
1051 0 1117 22 τςῑγ-«ι
1141 0 1160 17 ¹:

544 129 585 168 Q.
610 127 794 159 nonA‘m
816 128 969 161 FLAcci

262 190 483 238 Utcumque
495 188 604 224 fortis
623 188 750 225 exsilis
763 200 966 238 puerpera.

497 324 688 358 CANlmA
732 322 1009 353 RESPONDET.

262 435 368 477 Qum
385 432 571 470 obseratis
590 431 747 469 auribus
761 439 788 454 ²¹
809 431 932 469 fundis
952 433 1109 482 preces?

263 495 348 530 Non
361 506 451 530 saxa
465 493 578 530 nudis
598 491 776 529 surdiora
789 491 926 529 navitis

259 555 461 602 Neptunus
477 553 553 590 alto
571 551 696 590 tundit
715 551 899 589 hibernus
917 553 1007 590 salo.
1312 560 1343 585 5⁵

262 613 409 649 Inuitus
428 620 471 648 ut
486 621 526 650 tu
547 619 576 634 ¹²
591 611 718 648 riseris
737 611 902 660 Cotyttia

260 672 441 722 Vulgata,
463 684 613 709 sacrum
631 670 742 711 liberi
757 670 979 720 Cupidinis?

260 734 307 769 Et
329 732 525 783 Exquilini
540 731 710 783 pontifex
727 729 906 777 venefici,

261 795 422 842 Impune
436 801 478 830 ut
496 792 642 829 Urbem
661 791 812 827 nomine
830 790 997 840 impleris
1014 793 1125 828 meo?

263 852 366 898 Quid
382 852 561 902 proderat
578 851 715 888 ditcisse
730 851 899 900 Petignas
921 862 1014 887 anus
1033 849 1072 897 ²3,
1309 858 1341 882 60

260 911 518 962 Velociusque
536 912 731 950 miscuisse
747 911 940 948 toxicum?

158 1057 332 1097 Ula-iamque
343 1055 442 1098 fimis
466 1056 574 1088 exsilis
591 1068 724 1098 puerpe-

155 1114 192 1132 ra
208 1114 219 1133 .·
237 1104 501 1143 quotiescumque
515 1105 721 1144 puerperium

156 1150 285 1179 mentita
308 1159 359 1187 es;
381 1149 464 1179 nihil
488 1149 573 1179 enim
600 1150 719 1187 obstat,

154 1195 253 1236 quin,
271 1194 397 1235 peractzi
421 1195 575 1225 comoedia
586 1218 594 1232 ‚
605 1195 717 1236 fimis,

154 1241 187 1271 h.
200 1251 240 1278 e.,
252 1241 373 1272 viribus
384 1243 504 1282 integra
515 1263 524 1278 ‚
539 1241 647 1271 electo
661 1248 718 1272 tuo

154 1286 300 1318 exsilias.
317 1287 438 1317 Dolum
456 1286 596 1318 Canidiae
613 1287 718 1318 amare

153 1334 250 1374 magis
269 1334 372 1374 signat
395 1341 487 1374 poeta
510 1344 567 1374 pei·
586 1343 715 1371 vocem,

153 1379 282 1415 exsilis,
329 1378 425 1420 quam
465 1380 492 1409 si
532 1379 718 1420 simpliciter

154 1425 303 1462 dixisset,
331 1425 443 1466 surgis.
477 1427 609 1466 Surgere
633 1425 718 1455 enim

154 1479 257 1512 potest
291 1471 407 1500 mulier
433 1471 574 1502 recenter
606 1472 718 1509 enixa3

154 1517 281 1549 exsilire
293 1517 415 1557 nequit.

204 1574 217 1594 x
228 1574 255 1594 1.
283 1562 441 1593 Obseratt’s
460 1562 586 1593 auribus
604 1573 615 1593 :
628 1573 720 1594 aures

155 1609 317 1644 obseratae,
333 1608 366 1639 h.
377 1620 404 1639 e.
414 1608 518 1638 surdae
530 1616 561 1639 et
573 1609 654 1639 nihil
663 1620 719 1639 au-

154 1656 275 1686 dientes
283 1655 434 1685 dicuntur
440 1666 496 1695 per
506 1655 719 1696 metaphoram

154 1702 171 1731 e
187 1701 281 1741 janua
303 1701 446 1734 ductam;
457 1702 551 1739 janua
567 1712 638 1742 quae
651 1701 718 1731 serii

155 1748 326 1785 clauditur,
356 1747 436 1778 nihil
456 1748 597 1777 extranei
613 1748 646 1777 in
666 1747 719 1777 do-

155 1805 242 1824 nnum
264 1793 418 1831 admittit,
445 1793 565 1831 donec,
592 1793 719 1823 volente

155 1841 304 1878 domino,
329 1839 521 1870 recludatur,
551 1857 598 1863 --
619 1839 738 1869 Nudis-

155 1886 268 1916 navitis
291 1897 303 1916 .-
334 1887 408 1926 qui,
442 1885 480 1915 ad
508 1885 719 1927 effugiendam

155 1939 290 1962 mortem
320 1932 338 1963 ὲ
370 1931 531 1973 naufragio
557 1932 721 1962 imminen-

156 1985 238 2015 tem,
274 1985 376 2008 vestes
408 1977 541 2018 provide
570 1977 722 2018 deposue-

157 2031 250 2061 runt,
273 2026 307 2054 in
322 2024 456 2054 insulam
472 2025 650 2065 proximam
669 2029 722 2053 aut

155 2069 252 2102 etiam
263 2071 297 2100 in
304 2071 389 2111 ipsos
397 2070 546 2110 scopulos
554 2070 723 2100 enataturi.

157 2117 289 2147 -Alto
307 2116 378 2146 salo
400 2126 411 2145 .·
430 2116 549 2153 salum,
575 2115 615 2145 de
643 2116 723 2145 mari

158 2164 273 2204 agitato
286 2162 415 2203 proprie
429 2162 629 2203 intelligitur,

206 2219 258 2240 12.
280 2208 404 2239 Inulcus
430 2214 466 2238 ut
484 2215 517 2238 tu
539 2218 550 2238 :
566 2206 720 2246 subaud13

775 1056 816 1087 an
838 1056 910 1088 fieri
929 1063 1053 1099 potest,
1069 1054 1110 1087 au
1135 1056 1193 1087 tibi
1213 1067 1341 1098 speran-

774 1103 850 1133 dum
865 1111 978 1141 estut,
1002 1110 1072 1140 etc.²
1093 1102 1141 1132 vel
1161 1102 1239 1144 quid
1253 1101 1339 1133 aliud

773 1150 886 1180 simile.
910 1167 957 1173 -—-
989 1148 1127 1188 Cotyctia
1164 1149 1303 1191 vulgata
1326 1159 1338 1179 .-

773 1195 924 1236 Cotytto,
974 1194 1031 1225 dea
1079 1194 1249 1225 infamibus
1290 1204 1339 1224 sa·

772 1243 833 1271 cris
874 1241 1064 1283 praesidens,
1096 1250 1168 1280 quae
1200 1239 1219 1270 ὲ
1242 1239 1338 1271 Thra·

773 1287 861 1317 cibus
871 1310 879 1326 ‚
900 1294 976 1317 teste
990 1286 1143 1317 Strabone
1154 1308 1163 1324 ,
1178 1288 1207 1316 X
1219 1307 1228 1323 ,
1246 1287 1339 1316 insti·

771 1340 857 1370 tuta,
883 1335 918 1363 in
948 1333 1070 1363 Italiam
1097 1332 1338 1373 transmigrave-

771 1386 859 1416 rant,
885 1379 943 1409 ubi
961 1379 1050 1409 omni
1082 1378 1218 1408 licentiae
1247 1386 1338 1420 gene-

771 1435 804 1455 re
823 1425 1072 1456 celebrabantur.
1096 1425 1140 1455 Ea
1161 1423 1284 1460 antem,
1301 1430 1338 1455 ut

773 1472 869 1501 Bonae
876 1473 951 1501 Deae
959 1471 1107 1511 mysteria
1115 1469 1242 1511 vulgare
1252 1476 1283 1500 et
1289 1479 1339 1500 eo-

773 1527 846 1546 rum
861 1516 1090 1558 turpitudinem
1108 1516 1262 1555 revelare,
1278 1526 1338 1557 pro

771 1563 991 1603 inexplicabili
1007 1563 1122 1593 scelere
1142 1561 1181 1591 ab
1202 1563 1338 1593 Initiatis

772 1610 887 1639 merito
917 1608 1134 1649 reputabatur.
1161 1625 1206 1631 —-
1231 1606 1339 1638 Liberi

775 1654 938 1695 Cupidinis
958 1665 970 1684 :
990 1654 1007 1684 e
1028 1653 1280 1695 praecedeutibus
1303 1654 1339 1685 li-

772 1708 847 1741 quet
876 1699 935 1731 cur
965 1701 1018 1731 ille
1053 1699 1172 1740 Cupido
1206 1706 1338 1732 vocatus

772 1747 868 1776 fuerit
897 1747 987 1779 liber.
1014 1764 1062 1770 --
1092 1748 1136 1776 Ec
1168 1745 1338 1787 Exqur'lini

767 1792 919 1834 pontifex·
957 1790 1102 1835 ‘venefici'
1124 1803 1136 1821 :
1164 1798 1213 1830 et,
1246 1792 1337 1832 quasi

773 1841 961 1880 praepositus
979 1839 1088 1869 fuisses
1105 1839 1222 1869 nostris
1241 1839 1337 1868 sacris

773 1886 901 1926 magicis
923 1895 1009 1925 quae,
1032 1885 1116 1915 iuter
1136 1885 1255 1914 montis
1278 1885 1338 1914 Ex-

774 1931 888 1972 quilini
913 1931 1054 1961 tumulos
1077 1937 1109 1961 et
1131 1929 1242 1961 ferales
1266 1929 1338 1959 reli-

774 1978 863 2017 quias
895 1978 1092 2018 peregimus,
1123 1977 1264 2016 supremi
1302 1977 1336 2005 in

775 2033 834 2053 nos
849 2021 1004 2063 pontificii
1015 2023 1087 2061 jura
1106 2022 1164 2052 tibi
1177 2031 1335 2062 arroganS.

825 2070 876 2100 13.
897 2068 984 2109 Quid
988 2067 1132 2108 proderit
1147 2067 1266 2098 dicasse
1281 2069 1338 2097 Pe-

775 2114 883 2156 lignus
900 2118 1006 2144 anus?
1021 2124 1131 2144 seusus
1153 2120 1184 2144 et
1206 2123 1308 2144 nexus
1327 2122 1335 2144 ε

775 2161 881 2201 Quid,
910 2170 1035 2201 quaeso,
1061 2160 1088 2189 si
1109 2158 1240 2200 impune
1270 2158 1337 2189 haec

774 2206 872 2237 facere
902 2216 1026 2247 posses,
1058 2205 1228 2247 profuisset
1259 2203 1337 2238 mihi
