1404 2522
662 127 740 174 xix

92 201 248 257 >{livinis
260 246 271 268 ,
299 214 376 256 sed
393 225 436 256 et
454 212 616 258 naturae
630 214 775 272 legum
800 213 1012 271 obsequio
1025 244 1036 266 ,
1055 212 1100 254 in
1117 211 1311 253 castitate

29 308 42 335 χ
90 275 222 324 animi
238 283 519 341 corporisque
538 280 768 335 servanda,
792 279 927 321 multa
945 280 991 321 in
1011 278 1165 320 Flacco
1191 275 1309 319 desi-

93 347 216 390 deres
231 349 361 392 ¹.Nec
375 349 420 390 in
432 349 587 391 Flacco
603 347 757 401 solum,
772 346 849 388 sed
866 358 908 388 et
924 347 968 387 in
987 343 1180 403 Virgilio,
1195 342 1309 386 aliis·

95 430 181 473 que
189 427 330 459 cetera
343 416 516 475 optimis
526 416 642 470 viris,
651 415 726 473 qui
736 430 827 456 non
845 413 966 456 fuere
977 416 1065 455 tam
1081 411 1225 454 felices
1236 443 1248 464 ,
1261 421 1311 453 ut

93 481 234 525 lucem
251 483 363 526 illam
383 483 585 526 divinitus
600 481 729 525 nobis
751 496 999 523 concessam
1019 481 1310 531 intuerentur,

93 549 172 592 secl
186 567 276 612 pro
302 553 419 594 recta
446 552 542 594 vitae
568 549 813 609 disciplina,
841 549 973 592 modo
992 549 1310 607 Epicureorum

93 616 344 662 dissolutam
359 621 514 674 vitam,
532 631 574 661 et
590 634 671 677 pro
689 619 791 661 sana
814 618 1060 661 eruditione
1071 649 1082 670 ,
1099 613 1306 656 intolera-

93 685 222 730 bilem
242 688 487 731 Stoi'corum
504 688 662 730 fastum
681 685 813 730 modo
830 687 968 729 secuti
990 695 1103 727 sunt.

151 754 279 810 Hinc,
300 757 427 815 genio
444 755 681 814 indulgere,
698 756 799 799 vino
817 757 1064 813 abstergere
1080 766 1220 805 curas,
1231 764 1309 791 cu-

40 875 51 882 ,
93 830 180 864 tem
199 822 311 866 bene
333 838 503 877 curare,
528 834 570 865 et
593 823 638 865 in
662 824 771 865 rosis
790 825 953 876 vivere,
974 822 1101 864 unice
1120 830 1310 877 quaerere

97 892 206 948 saepe
233 891 418 934 videtur.
447 891 580 946 Hinc,
613 890 717 933 dum
748 891 894 935 omnia
921 893 945 932 ὲ
971 890 1062 932 Diis
1094 896 1312 947 precatur,

95 955 317 1014 ingenium
336 958 497 1010 solum,
519 958 774 1017 bonumque
799 961 991 1001 animum
1022 955 1103 998 sibi
1131 952 1311 1011 excipit,

97 1034 139 1065 et
153 1024 221 1065 sui
237 1025 326 1067 haec
346 1025 546 1068 beneficii
567 1027 762 1085 agnoscit
778 1039 806 1070 ².
834 1028 883 1068 In
906 1036 1035 1067 nocte
1059 1022 1313 1066 versabatur

85 1090 352 1148 «miserrima,
373 1091 472 1134 cum
498 1093 607 1136 male
634 1093 736 1135 forti
754 1094 898 1135 animo
918 1107 1098 1151 parcum
1127 1105 1172 1132 se
1193 1089 1312 1129 Deo·

91 1171 189 1200 rum
209 1159 420 1202 cultorem
437 1162 635 1215 jactaret,
653 1160 753 1203 cum
771 1162 971 1204 timorem
989 1161 1185 1202 Deorum
1204 1156 1312 1198 salse

94 1225 220 1267 nimis
243 1226 422 1282 rideret3
439 1227 558 1282 cum,
585 1231 743 1270 contra·
764 1229 1063 1285 cujuscunque
1093 1223 1311 1283 religionis

39 1326 47 1332 ,
94 1292 324 1352 principia,
352 1295 660 1338 miraculorum
686 1296 774 1338 vim
806 1294 1059 1348 excludens,
1090 1291 1311 1335 Juda'icam

96 1371 267 1421 gentem
292 1373 504 1420 perpetuo
529 1364 722 1405 inureret
749 1365 947 1422 stigmate
963 1362 991 1404 ³.
1013 1362 1114 1404 Nox
1136 1360 1309 1400 incum-

93 1425 223 1469 bebat
244 1427 513 1484 densissima,
540 1429 638 1472 cum
657 1428 825 1471 libidini
855 1429 1026 1470 frenum
1043 1427 1205 1468 laxaret
1222 1427 1308 1467 tam

94 1499 317 1551 proterve,
341 1507 392 1538 ut
416 1496 561 1555 legum
582 1496 840 1538 naturalium
860 1505 1135 1552 contemptor
1162 1490 1310 1550 potius

96 1561 151 1603 sit
175 1563 460 1617 execrandus,
497 1566 626 1621 quam
647 1575 697 1606 ut
717 1564 812 1621 quis
839 1562 892 1604 ad
914 1563 1005 1604 haec
1023 1577 1112 1604 non
1141 1559 1308 1613 doleat,

95 1639 138 1670 et
154 1639 294 1671 totum
313 1630 541 1674 Horatium
553 1640 747 1689 respuat,
766 1632 1019 1688 priusquam
1037 1642 1198 1686 purum
1215 1641 1308 1668 cas·

96 1705 277 1753 tumque
291 1696 481 1739 animum
498 1697 736 1755 corrumpi,
754 1708 828 1738 aut
841 1698 918 1738 sua
933 1697 977 1737 in
990 1695 1092 1737 vitia
1108 1693 1308 1736 facilitate

94 1761 203 1804 male
239 1763 380 1821 perire
407 1764 520 1806 velit.
555 1766 816 1822 Repetamus
846 1762 1024 1821 quidem
1053 1761 1303 1821 elegantias,

95 1828 432 1886 supellectilem,
458 1842 500 1873 et
534 1831 783 1884 thesauros,
817 1846 913 1888 quae
946 1829 1126 1871 Flaccus
1160 1840 1203 1871 et
1235 1828 1306 1870 alii

94 1896 248 1955 pagani
272 1897 422 1953 nobis,
447 1908 498 1939 ut
521 1897 722 1940 Israelitis
747 1897 851 1939 olim
879 1897 1089 1956 AEgyptii,
1120 1896 1306 1959 abstule—

143 2047 153 2063 ι
172 2035 215 2065 V.
236 2034 325 2064 Suet.
340 2031 372 2063 d.
393 2032 415 2063 1.
440 2039 472 2062 et
487 2033 652 2070 Narium,
671 2033 730 2064 lib.
753 2033 803 2062 III
820 2042 849 2063 c.
869 2042 887 2063 2
908 2033 1013 2071 misc.,
1031 2033 1067 2063 in
1082 2030 1147 2063 vitai
1164 2031 1182 2063 ἐι
1198 2042 1232 2062 se
1253 2042 1303 2062 re·

93 2086 185 2131 perui
205 2089 285 2131 legit
310 2098 319 2119 :
344 2087 403 2119 Ad
427 2098 477 2118 res
504 2098 666 2119 venereas
689 2087 962 2129 intemperantior
983 2087 1133 2120 traditur.
1161 2086 1250 2118 Νὰιη
1269 2085 1304 2118 in

93 2143 259 2185 speculato
273 2142 418 2175 cubiculo
434 2151 540 2173 scorta
559 2143 678 2174 dicitur
694 2142 840 2174 habuisse
859 2143 1035 2186 disposita,
1054 2151 1089 2175 uc
1105 2153 1307 2187 quocumque

96 2197 305 2239 respexisset,
333 2197 375 2229 ibi
399 2197 431 2228 ei
452 2197 563 2240 imago
582 2197 686 2228 coi‘tus
704 2198 883 2241 referretur.
906 2201 950 2232 V·
973 2206 1005 2230 et
1028 2199 1105 2232 Cael.
1123 2196 1231 2231 Rhod.
1259 2214 1306 2222 -

97 2255 110 2271 ²
123 2251 195 2284 Lib.
210 2255 227 2284 Ι
243 2253 336 2295 epist.
357 2252 396 2283 18
413 2253 450 2284 in
463 2253 485 2285 f.
499 2249 570 2277 -3
585 2252 657 2285 Lib.
675 2254 690 2284 1
706 2260 765 2285 sat.
781 2253 811 2284 5.
