1422 2528
39 52 50 61 .
210 64 214 68 .

533 109 614 140 Lm.
638 109 655 139 1
680 109 841 141 SATIRA
862 110 924 141 111.

1273 118 1314 139 20

1319 119 1335 147 ἱ]

121 167 292 218 Regula,
313 165 480 217 peccafis
500 180 587 218 quae
605 181 738 219 poenas
757 168 903 219 irroget
919 180 1069 218 aequas·
1060 196 1071 214 ‚

121 230 180 266 Ne
197 227 343 266 scutica
361 226 520 278 dignum
538 227 722 266 horribili
741 236 888 266 sectere
903 229 1066 278 flagello.

120 291 240 336 Nam,
260 297 304 327 ut
325 289 448 327 serui-⁴1
467 289 591 328 caedas
606 298 637 324 ¹7
658 303 740 327 mei
742 300 840 328 itum
858 291 1006 341 majora
1025 289 1157 332 subire

1285 306 1334 325 120

120 348 295 388 Verbera
307 362 387 387 non
397 363 551 398 vereor,
569 354 658 389 cum
675 350 780 388 dicas
795 363 876 388 esse
891 363 1003 400 pares
1019 364 1080 388 ies

119 413 239 448 Furta
256 410 487 457 latrociniis,
505 419 543 448 et
562 412 710 463 magnis
730 424 851 461 parva
867 410 1026 448 mineris

118 472 230 510 Falce
247 473 461 510 recisurum
479 473 595 510 simili
612 483 663 523 te,
684 473 716 511 si
737 471 809 509 tibi
828 484 991 522 regnum

117 533 344 571 Permittant
359 532 548 572 homines.
564 534 606 572 Si
626 534 734 571 dives
751 534 780 557 ¹⁸
793 562 803 580 ,
822 533 890 584 qui
909 532 1062 583 sapiens
1081 539 1156 578 est,

115 595 163 631 Et
178 602 287 631 sutor
305 593 447 642 bonus,
469 602 507 631 et
526 594 630 632 solus
649 595 861 641 formosus,
878 601 916 630 et
935 602 991 630 est
1011 606 1096 638 rex,

1281 600 1330 625 125

114 657 196 755 {En-
215 665 326 707 optas
340 654 447 706 quod
461 655 668 693 habes?—
680 659 769 694 Non
787 655 890 694 nosti
907 655 1001 706 quid
1019 663 1142 705 pater,
1159 654 1303 704 inquit,

112 722 114 726 ’
174 717 354 768 rysippus
372 716 476 755 dicat
496 717 681 768 :Sapiens
698 717 874 768 crepidas
894 716 970 755 sibi
987 720 1186 767 nunquam

114 780 196 817 Nec
215 779 338 817 soleas
351 778 462 825 fecit3
484 788 594 817 sutor
609 779 735 816 tamen
759 787 816 816 est
836 778 1000 828 sapienS.
1013 799 1067 805 —-
1087 775 1262 824 Quo?—

117 841 188 889 Ut,
208 836 383 890 quamvis
401 847 502 878 tacet
521 842 806 891 Hermogenes,
829 847 966 877 cantor
983 838 1111 877 tamen
1132 845 1249 889 atque

89 1043 92 1046 Δ
111 999 147 1029 in
166 1009 318 1031 acervum
334 1001 528 1044 colligendo.
547 1021 594 1028 -
615 1005 694 1034 Pec-

111 1045 192 1076 catis
201 1057 274 1088 qua·
283 1059 402 1089 poenas
421 1061 501 1092 arro„
488 1058 540 1081 ‘ret
551 1062 691 1093 aequas:

112 1103 188 1123 cum
215 1093 413 1136 flagitiorum
445 1098 600 1139 gravitate
636 1105 692 1128 aut

107 1141 238 1172 levitate
251 1152 363 1183 poenas
373 1144 459 1184 justa
479 1146 692 1188 proportione

110 1188 300 1219 concordes.

160 1244 213 1273 17.
233 1234 340 1272 Nc'zm,
363 1242 399 1265 ut
410 1231 532 1276 firuld
554 1235 663 1266 coedas
678 1248 690 1267 .-

108 1292 179 1314 non
196 1281 284 1312 enim
300 1292 415 1312 vereor
432 1293 474 1313 ne
498 1282 600 1313 caedas
622 1291 691 1314 tan-

109 1327 180 1360 uim
195 1326 297 1360 ferula
315 1339 390 1359 eum
413 1330 473 1370 qui
493 1331 628 1361 meritus
648 1332 690 1362 sit

108 1375 219 1407 subire
233 1375 352 1415 majora
371 1377 553 1418 supplicia:
571 1379 639 1408 scio
657 1384 689 1408 te

107 1422 144 1454 id
161 1433 230 1455 non
250 1423 431 1461 facturum,
451 1434 519 1454 non
537 1424 688 1455 futurum

108 1469 188 1501 adeo
212 1470 332 1509 lenem3
366 1471 488 1511 quippe
515 1472 572 1512 qui
600 1472 687 1512 paria

106 1524 202 1558 putes
215 1527 283 1548 esse
294 1517 381 1547 furta
395 1516 574 1548 latrociniis
589 1518 688 1559 (furta

106 1562 193 1595 fiunt
213 1563 313 1603 elium,
338 1563 505 1595 latrocinia
531 1565 637 1606 palam
655 1574 687 1597 et

107 1610 248 1642 atrocius
258 1609 284 1653 )‚
310 1618 342 1642 et
358 1612 496 1647 mineris
519 1619 550 1643 te
567 1614 688 1644 recisu-

107 1669 199 1696 rum,
223 1658 260 1689 id
285 1666 350 1696 est,
379 1659 626 1690 emendaturum
646 1662 688 1691 si-

107 1705 177 1736 mili
200 1705 301 1744 falce,
321 1705 385 1736 hoc
404 1713 466 1744 est,
486 1707 601 1737 iisdem
623 1718 688 1749 poe-

106 1753 176 1792 nis,
204 1763 302 1795 parva
331 1759 462 1794 peccata
488 1755 628 1796 magnis,
650 1755 687 1786 id

105 1806 168 1838 cst,
212 1801 302 1842 aeqne
342 1811 379 1830 ac
423 1811 549 1843 magua.
586 1803 662 1832 Vox
676 1825 684 1840 ‚

104 1846 211 1885 idem,
235 1847 368 1886 similis,
392 1854 467 1886 etc„
492 1859 567 1878 cum
586 1847 686 1880 dandi

105 1905 180 1926 casu
199 1894 283 1937 saepe
304 1896 463 1936 jungitur,
487 1906 578 1926 more
594 1896 684 1926 Grae-

105 1943 329 1974 commvNota
347 1941 402 1972 hic
417 1942 480 1972 dici
494 1953 604 1983 posse,
625 1954 684 1973 ve·

104 1999 178 2020 reor
211 1996 247 2020 uc
275 1988 338 2022 ,hoc
356 1988 494 2030 facias,
530 2000 604 2030 pro,
643 2001 684 2020 ne

93 2034 233 2078 facias,
254 2036 368 2068 contra
390 2037 556 2078 vulgarem
581 2047 684 2078 gram-

103 2085 296 2115 maticorum
320 2084 483 2126 regnlam3
520 2083 589 2120 vel,
616 2095 683 2115 esse

103 2124 339 2162 recurrendum
353 2131 415 2161 ad
406 2131 605 2172 ingeniosam
624 2142 681 2161 ex-

101 2177 308 2218 plicationem
346 2178 514 2214 Lambini,
565 2178 682 2219 nempe

99 2225 310 2266 particulam,
337 2232 391 2263 ut,
420 2236 488 2257 non
512 2235 580 2256 esse
606 2235 682 2256 cum

306 2331 327 2344 N

746 1002 866 1041 verbo,
891 1012 1020 1038 vereor,
1051 998 1326 1042 conjungendam,

746 1050 803 1080 sed
822 1057 922 1080 totam
938 1049 1026 1079 illam
1037 1070 1045 1085 ,
1060 1058 1133 1088 quae
1146 1047 1326 1084 antecedit,

746 1098 927 1128 orationem
944 1107 1003 1126 suo
1021 1096 1096 1126 loco
1113 1102 1145 1125 et
1159 1095 1328 1135 separatim

744 1144 915 1186 legendam
928 1154 994 1174 esse
1003 1167 1012 1181 ‚
1023 1142 1086 1173 hoc
1101 1141 1219 1180 mod03
1235 1142 1324 1178 neam,

747 1198 782 1219 uc
801 1188 914 1228 ferula
939 1191 1047 1218 caedccs
1075 1198 1148 1218 eum
1175 1186 1232 1229 qui
1257 1198 1327 1217 ma-

741 1235 819 1276 jora
834 1235 975 1266 ‘verber‘cz
990 1234 1092 1265 subire
1114 1235 1245 1265 meritus
1265 1234 1324 1272 sit,

746 1293 812 1313 non
843 1293 965 1314 vereor
972 1294 986 1320 ;
1021 1282 1159 1312 subaudi
1170 1305 1179 1321 ‚
1212 1292 1254 1313 ne
1292 1282 1329 1313 id

731 1327 866 1371 facias.

797 1377 849 1408 18.
870 1377 906 1408 Si
922 1377 1008 1408 dives
1022 1378 1157 1417 :arripit
1175 1385 1233 1406 exa
1258 1375 1326 1406 'tat-

744 1433 807 1464 que
825 1431 1021 1466 postremam
1042 1423 1126 1453 hanc
1149 1387 1267 1453 stoic?1
1268 1433 1325 1454 vo-

745 1471 870 1509 culam,
894 1471 923 1501 si
946 1470 1006 1501 tibi
1030 1480 1166 1512 regnum
1184 1469 1340 1501 Permit-''

744 1525 818 1548 tant
829 1517 993 1554 homines,
1014 1519 1041 1547 si
1054 1524 1084 1547 te
1097 1527 1203 1559 regem
1218 1528 1326 1548 creare

743 1565 845 1596 velint
861 1575 869 1597 :
885 1564 945 1596 chr
960 1565 994 1595 id
1007 1571 1116 1606 optas,
1133 1565 1251 1606 nempe
1266 1576 1326 1596 rex

743 1623 829 1650 esse,
849 1613 870 1643 ὂ
889 1613 1015 1643 stoice?
1038 1611 1113 1643 Jam
1134 1622 1194 1642 rex
1209 1623 1259 1651 es,
1279 1613 1326 1643 si-

743 1659 876 1700 quidem
903 1662 962 1701 qui
992 1659 1119 1701 sapiens
1146 1666 1208 1697 est,
1234 1659 1324 1690 solus

743 1713 791 1736 est
810 1706 918 1745 dives,
943 1713 1046 1745 sutor,
1066 1716 1136 1736 rex.
1156 1723 1204 1729 —-
1228 1706 1326 1746 Chry·

740 1753 850 1794 sippus
866 1765 877 1784 .·
897 1754 1037 1784 Zenonis
1054 1753 1197 1791 auditor,
1214 1754 1324 1784 stoicae

739 1809 834 1831 sectae
843 1800 1057 1842 philosophus
1065 1822 1074 1838 ,
1086 1810 1184 1841 quam
1196 1801 1231 1830 in
1240 1801 1324 1831 mul-

741 1849 781 1878 tis
804 1849 907 1879 auxit.
932 1865 981 1871 —
1004 1849 1047 1878 Ue
1067 1845 1214 1888 quamvis
1228 1858 1240 1878 .·
1256 1858 1323 1878 res-

739 1896 859 1936 ponsio
898 1894 994 1926 stoici
1016 1904 1024 1925 :
1048 1894 1323 1934 quemadmodum

739 1944 960 1984 Hermogenes
975 1942 1119 1983 optimus
1134 1948 1182 1972 est
1199 1949 1322 1979 cantor,

740 1989 888 2030 quamvis
906 1995 1025 2026 taceat3
1044 1995 1082 2018 ut
1101 1989 1240 2020 Alfenus
1255 1996 1324 2020 erat

737 2038 880 2077 optimus
891 2043 994 2073 sutor,
1005 2035 1080 2066 licet
1092 2046 1161 2066 non
1174 2043 1323 2067 tractaret

736 2082 841 2125 reipsa
856 2082 1005 2113 subulam
1016 2105 1025 2120 ‚
1041 2090 1073 2113 et
1089 2083 1248 2114 sutrinam
1268 2083 1321 2113 ha-

737 2131 828 2161 beret
845 2130 987 2160 clausam
1001 2139 1009 2161 :
1029 2131 1075 2160 sic
1085 2151 1094 2167 ‚
1111 2137 1174 2161 etc.
1188 2131 1318 2160 —Her-

737 2187 891 2220 magenes
905 2188 916 2206 .·
938 2178 1130 2219 cognomine
1146 2176 1301 2218 Tigellius
1311 2199 1320 2214 ‚

736 2225 879 2267 Augusti
889 2231 1014 2264 cantor,
1025 2224 1173 2256 diversus
1183 2222 1200 2253 a
1215 2223 1319 2265 Tigel-
