1404 2522
175 137 205 153 ,Α
356 126 359 129 <
659 101 738 167 xiij

83 189 259 248 *optime
289 204 438 234 secum
463 190 648 250 quisque
679 191 814 245 norit,
847 187 978 247 quam
1005 197 1129 231 curta
1160 186 1243 230 sibi
1274 196 1317 230 et

101 255 321 300 bracteata
340 258 394 301 sit
414 257 625 316 supelleig,
650 259 781 315 quam
798 256 920 299 tenui
933 255 1004 298 filo
1020 271 1089 298 res
1107 270 1194 297 suae
1209 268 1321 312 pen-

102 321 234 366 deant
246 357 258 379 ,
275 336 317 367 et
342 328 472 383 quam
487 324 623 367 cereis
639 325 729 367 fere
746 324 821 367 alis
836 324 948 366 fama
964 339 1118 366 eorum
1130 321 1322 364 nitatur?

103 390 296 433 Tantum
316 393 454 447 abest,
482 403 531 435 ut
555 408 636 435 aere
664 392 922 451 perenniora
949 392 1044 434 fore
1068 390 1230 449 ingenii
1255 390 1322 432 sui

105 458 387 502 monumenta
412 460 531 502 bona
558 459 832 518 fidersperet,
858 471 900 502 et
933 458 1138 501 invidiam
1161 457 1323 500 meritis

106 527 330 584 superasse
358 542 403 570 se
434 528 616 583 sentiat,
648 529 713 570 uti
744 527 809 570 sol
838 526 938 569 cum
971 525 1116 568 medio
1151 536 1323 568 evectus

107 592 212 635 coelo
227 594 388 636 nullam
403 596 604 645 umbram
621 596 732 636 infra
753 611 798 638 se
814 595 943 637 videt.
967 595 1149 637 Horatio
1164 593 1324 647 solum,

107 659 206 722 cum
220 663 369 719 paucis
392 663 502 718 aliis,
519 662 695 705 felicitas
713 663 793 704 ista
808 663 986 722 propria
1005 674 1048 704 et
1062 662 1323 705 incontami-

107 739 206 771 nata
231 729 334 784 fuit,
355 731 534 787 ejusque
554 730 726 772 bonitas
749 731 850 788 erga
878 729 1057 782 similes,
1083 740 1126 771 et
1154 742 1326 782 omnes,

108 796 184 853 qui
193 795 294 839 licet
309 798 463 856 optimi
476 812 568 840 esse
578 797 838 854 nequibant,
855 797 1029 854 optimis
1042 798 1185 839 tamen
1199 798 1328 854 quam

107 863 302 921 proxime
332 864 539 908 accedere
571 864 824 918 studebant,
855 876 945 907 erat
972 866 1212 918 notissima,
1245 864 1326 906 nisi

109 930 231 987 quod
255 933 434 975 vitiosos
462 933 673 990 quosdam
693 943 735 974 et
757 932 966 974 obscuros
986 933 1322 984 homunciones⁷

109 998 295 1041 nominis
323 1001 390 1041 sui
412 1000 729 1057 doctorumque
745 1000 1040 1057 iniquissimos
1055 1001 1323 1042 obtrectatom

109 1078 198 1119 res,
215 1065 391 1120 acerbo}
407 1078 456 1109 ut
472 1067 762 1121 merebantur,
783 1067 869 1109 sale
893 1068 1178 1124 perfricuerit.

171 1131 244 1194 A)
270 1142 440 1175 tantum
467 1138 569 1175 vero
597 1134 778 1175 honoris
808 1133 1022 1192 fastigium
1051 1145 1204 1177 natura
1227 1150 1327 1178 eum

110 1210 352 1257 pepererat,
372 1198 598 1258 ‘diligentia
625 1211 891 1254 exercuerat,
918 1211 961 1242 et
982 1217 1251 1244 summorum
1270 1205 1331 1245 vi-

111 1281 260 1309 rorum
286 1267 527 1310 extulerant
551 1268 768 1326 suffragia.
801 1268 988 1310 Primam
1014 1280 1057 1311 et
1074 1271 1327 1329 augustissi-

111 1348 224 1376 mam
243 1348 426 1392 poeseos
451 1334 646 1389 laudem,
664 1335 756 1377 sine
782 1334 869 1376 ulla
893 1335 1139 1378 ambitionis
1163 1339 1327 1396 specie,

112 1403 336 1460 Augustus
356 1403 394 1444 ei
418 1403 592 1456 tribuit,
611 1402 710 1444 cum
727 1401 962 1444 Vindelicae
977 1404 1189 1461 victoriae,
1209 1407 1328 1449 Divis

113 1469 201 1510 suis
223 1481 266 1512 et
285 1470 486 1528 auspiciis
514 1485 592 1527 per
617 1470 840 1511 Tiberium
866 1471 1148 1530 Drusumque
1174 1486 1325 1531 partae,

114 1534 365 1595 conditique
391 1537 526 1580 seculi
550 1537 801 1579 memoriam
829 1538 883 1579 ab
903 1554 955 1581 eo
974 1551 1141 1596 peteret
1169 1545 1328 1601 sempi-

114 1615 292 1647 ternam.
330 1604 438 1647 Inde
474 1604 616 1647 adhuc
650 1606 861 1647 habemus
893 1617 1097 1663 quartum
1136 1609 1330 1653 Odarum

115 1669 274 1712 librum
293 1680 302 1696 ¹
317 1703 329 1726 ‚
356 1672 495 1714 tribus
518 1673 737 1730 prioribus
765 1689 814 1715 ex
839 1673 972 1732 longo
997 1676 1222 1721 intervallo
1251 1680 1329 1722 ad-

113 1739 295 1793 jectum,
314 1755 403 1782 non
425 1740 531 1782 certi
550 1741 650 1782 satis
662 1772 673 1794 ,
691 1740 896 1785 utrumne
911 1742 1008 1800 plus
1027 1745 1069 1786 in
1097 1762 1148 1788 eo
1166 1750 1332 1791 auctori

117 1804 221 1863 ipsi,
249 1821 302 1849 an
332 1807 518 1865 Augusti
539 1806 702 1859 judicio
725 1809 1056 1868 auctoritatique
1082 1812 1330 1858 debeamus.

118 1869 290 1914 Adhaec
318 1871 505 1930 Epodon
533 1888 692 1926 unum,
719 1873 830 1916 duos
853 1876 1106 1933 Satirarum,
1132 1881 1332 1924 totidem-

119 1952 204 1998 que
219 1939 508 1996 Epistolarum
521 1939 672 1994 libros,
696 1951 738 1982 et
755 1942 905 1984 Artem
922 1945 1152 2002 poeticam,
1180 1963 1332 2005 quam-

118 2005 181 2047 vis
197 2015 392 2063 tempora
408 2006 565 2064 quibus
581 2008 739 2066 scripta
762 2020 803 2051 et
821 2009 865 2050 in
882 2026 1019 2053 unum
1041 2014 1233 2067 conjecta
1251 2016 1334 2058 sint

62 2100 70 2109 ι
118 2085 297 2129 corpus⁷
323 2073 548 2115 maximam
568 2086 754 2132 partem,
776 2075 1045 2134 ignoremus,
1066 2095 1193 2123 nemo
1213 2081 1333 2125 facile

173 2240 182 2255 ι
203 2229 278 2260 Vid.
296 2231 382 2262 Suet.
404 2230 437 2261 d.
451 2230 474 2262 l.

1137 2300 1176 2332 b*
