1422 2528
138 133 200 165 152

529 138 569 179 Q.
595 137 780 173 nortun
803 139 956 173 micet

133 191 207 228 Hic
223 190 338 229 dabat
344 206 355 239 ;
375 191 547 231 haeredes
561 206 847 234 monumentum
863 211 911 234 ne
931 205 1166 248 sequeretur.

131 251 244 287 Nunc
261 251 349 288 licet
362 251 550 301 Exquiliis
568 252 742 292 habitare
757 256 996 303 salubribus,
1009 265 1123 307 atque

131 310 281 359 Aggere
300 311 339 347 in
359 311 489 361 aprico
506 314 522 341 4
537 314 716 362 spatiari,
736 314 813 364 quo
832 315 948 353 modo
967 317 1092 354 tristes

1290 328 1322 353 15

98 398 101 401 Δ
131 368 239 407 Albis
257 371 456 408 informem
477 372 699 421 spectabant
717 374 866 412 ossibus
886 388 1030 425 agrum.

132 429 229 465 Cum
247 429 341 467 mihi
355 443 430 468 non
446 434 593 468 tantum
607 432 785 482 suresque
803 433 818 456 ⁵
834 435 1018 485 feraeque,
1034 444 1151 474 suetae

132 489 246 525 Hunc
264 502 403 526 vexare
419 490 562 535 locum,
584 504 684 528 curae
701 501 788 529 sunt
808 502 921 543 atque
939 493 1081 539 labori,

134 550 347 594 Quantum,
365 550 595 589 carminibus
614 564 698 601 quae
716 562 869 590 versant
888 562 1002 604 atque
1022 555 1176 593 venenis

133 610 329 646 Humanos
347 610 503 648 animos.
523 614 599 648 Has
615 613 719 648 nullo
737 612 898 661 perdere
917 625 1090 663 possum,
1286 633 1317 650 ιο

134 669 213 706 Nec
228 669 435 719 prohibere
454 671 569 708 modo
581 699 590 717 ‚
609 672 719 708 simul
735 685 778 708 ac
792 685 886 722 vaga
905 674 993 711 luna
1007 674 1190 712 decorum

132 730 293 767 Protulit
312 743 353 768 os
365 758 375 777 ,
392 729 484 780 quin
504 743 589 768 ossa
610 732 733 781 legant
751 733 964 782 herbasque
983 742 1175 776 nocentes.

132 788 223 826 Vidi
242 798 391 839 egomet
409 790 518 839 nigrai
535 791 766 829 succinctam
785 792 798 814 ⁶
819 792 958 830 vadere
977 792 1076 842 palla

130 1004 256 1046 semper
278 1003 435 1036 addebant
462 1005 531 1036 haec
561 1007 658 1038 verba
688 1018 696 1039 :

131 1052 202 1081 Hoc
213 1050 355 1081 lzaeredes
369 1062 434 1081 non
449 1053 602 1093 sequitur,·
617 1061 648 1084 et
661 1056 699 1084 is-

132 1098 173 1127 tis
194 1098 442 1138 compendiariis
460 1100 545 1129 notis
562 1101 698 1131 uteban-

132 1149 196 1182 tur,
212 1145 254 1175 H.
272 1145 312 1174 H.
329 1145 372 1174 N.
389 1146 421 1175 S.

179 1196 211 1226 4.
226 1191 356 1231 Aggere
379 1190 412 1220 in
440 1190 549 1230 aprico
573 1203 584 1222 .·
606 1193 696 1223 locus

131 1242 197 1267 erat
226 1236 347 1274 editus,
378 1237 414 1266 in
440 1248 506 1277 quo
531 1237 629 1279 igitur
658 1239 696 1268 ad

131 1281 396 1313 deambulationis
438 1284 697 1315 commoditatem

131 1327 271 1359 multum
285 1335 377 1358 terrae
394 1330 610 1370 aggerendum
633 1332 697 1361 fue-

133 1382 191 1406 rat.
207 1376 305 1406 Erant
320 1375 407 1405 horti
418 1386 466 1405 ex
481 1386 592 1406 eorum
606 1387 700 1417 gene-

134 1432 169 1452 re
186 1432 268 1462 quos
282 1421 391 1462 gallice
407 1415 558 1459 dicimus,
573 1422 702 1463 jardins

134 1479 175 1498 en
192 1475 343 1504 ten-asse,
363 1468 471 1508 quales
490 1468 699 1508 Meudonios‚

133 1514 403 1552 San-Germanos,
423 1514 702 1553 San-Clodoal‹lios

133 1559 230 1591 hodie
246 1560 449 1591 admiramur.
470 1578 515 1584 ·--
533 1562 620 1602 Quo,
639 1573 702 1592 mo-

134 1606 177 1637 ᾱὸ
192 1617 204 1637 .·
223 1607 258 1636 in
279 1606 391 1636 eodem
410 1607 485 1637 loco
508 1607 566 1637 ubi
589 1619 698 1639 recen-

133 1653 193 1684 ter.
205 1669 251 1676 —
268 1652 384 1683 Tristes
397 1663 408 1682 .·
421 1652 555 1683 subaudi
571 1654 661 1686 cives.

183 1700 214 1731 5.
235 1699 312 1729 Ciam
335 1698 415 1728 mihi
432 1709 496 1728 non
511 1700 700 1743 cantt'cmfu-

136 1756 186 1776 res
208 1756 221 1776 .-
240 1756 275 1776 ea
297 1746 484 1784 conjunctio
508 1757 591 1784 vox,
608 1747 696 1785 ciam,

134 1792 220 1822 idem
247 1791 301 1822 hic
337 1791 421 1827 valet
450 1802 502 1828 ac,
536 1792 696 1833 quamvis,

136 1836 332 1879 quanquam.
351 1839 468 1869 Sensus
483 1845 530 1868 est
552 1848 560 1869 ε
586 1850 626 1869 ex
647 1839 699 1869 illa

136 1885 259 1915 caeteris
272 1883 336 1914 tam
348 1882 437 1924 grata
449 1884 513 1914 loci
527 1885 613 1915 iuius
630 1896 700 1919 mue

137 1932 259 1961 tatione
274 1930 356 1959 nihil
369 1930 510 1960 lucratus
527 1941 613 1969 sum,
628 1930 701 1961 cum

138 1976 224 2007 fures
233 1976 370 2016 feraeque
380 1975 397 2005 a
406 1977 523 2016 quibus
536 1979 642 2007 vexari
655 1988 702 2008 so-

137 2022 310 2053 lebatmihi
319 2022 442 2062 semper
451 2023 586 2063 aliquam
596 2034 704 2054 curam

139 2068 301 2108 injiciant,
318 2068 474 2098 minorem
486 2069 589 2099 tamen
607 2068 703 2110 quam

141 2115 291 2146 mulieres
304 2113 368 2144 illae
385 2113 535 2145 veneficae
552 2123 703 2157 quae‚etc.

141 2177 188 2184 —
202 2162 340 2191 Versant
359 2170 371 2190 .·
391 2161 526 2202 agitant,
544 2168 704 2202 torquent.

142 2224 190 2231 -—
203 2207 291 2248 Quas
321 2206 408 2237 nullo
421 2207 557 2247 perdere
576 2218 706 2248 possum

753 1010 847 1040 modo
869 1020 880 1039 .·
902 1019 974 1050 quae
1000 1006 1064 1040 tam
1084 1019 1227 1051 rugosae,
1256 1010 1320 1043 tam

752 1063 862 1096 turpes
900 1056 1120 1096 deformesque
1154 1063 1247 1095 sunt,
1285 1065 1322 1089 ut

750 1102 821 1132 illas
840 1100 876 1132 ea
894 1101 990 1142 poena
1004 1101 1129 1132 afficere
1145 1112 1319 1143 nequeam,

751 1158 847 1188 quam
874 1148 998 1178 furibus
1029 1148 1188 1188 applicare
1219 1149 1317 1180 soleo.

750 1196 903 1234 Stuprum
915 1194 999 1223 enim
1013 1194 1075 1223 illis
1089 1194 1206 1224 inferre
1215 1216 1224 1232 ‚
1236 1205 1319 1225 mer-

750 1239 854 1276 cedis,
871 1250 938 1270 non
953 1250 1056 1280 poenae
1078 1240 1152 1270 loco
1174 1246 1270 1278 esset,
1287 1247 1318 1271 et

750 1286 796 1315 sic
829 1296 879 1316 eas
913 1285 952 1315 ad
986 1285 1124 1316 reditum
1159 1285 1315 1318 hortarer.

750 1332 801 1363 Sic
823 1332 858 1361 in
880 1333 1045 1372 Priapeiis,
1072 1332 1112 1362 51
1131 1341 1139 1363 :
1156 1331 1316 1363 Niminzm

753 1385 899 1418 apertam
918 1377 1091 1408 convolutis
1109 1377 1155 1408 ad
1162 1389 1312 1418 poenam,

753 1426 797 1454 Ec
815 1435 876 1454 vos
900 1423 959 1454 hoc
979 1423 1080 1464 ipsum
1101 1423 1190 1464 quod
1210 1424 1316 1455 mina-

754 1481 825 1500 mur
838 1469 960 1501 invitat.
981 1487 1029 1493 -—
1042 1470 1144 1513 Simul
1160 1480 1200 1500 ac
1224 1481 1315 1513 ‘vaga

754 1517 832 1546 luna
847 1516 994 1546 decorum
1013 1517 1148 1547 Protulit
1170 1527 1204 1546 os
1221 1527 1232 1546 .-
1246 1517 1315 1548 haec

753 1561 914 1593 veneficiis
924 1570 955 1592 et
966 1564 1063 1592 sacris
1073 1563 1210 1604 magicis,
1220 1570 1318 1594 noctu

752 1607 823 1639 fieri
835 1609 934 1639 solitis
945 1631 953 1646 ,
973 1619 1106 1649 praeesse
1119 1608 1316 1640 credebatur.

752 1657 873 1695 Vagam
891 1655 1042 1696 appellat,
1064 1654 1139 1695 quia
1158 1655 1316 1686 circulum

751 1712 846 1731 suum
877 1700 990 1742 magna
1016 1701 1174 1731 celeritate
1199 1701 1315 1732 descri-

753 1747 816 1784 bit,
846 1753 877 1777 et
898 1747 937 1777 ab
960 1757 999 1777 eo
1021 1747 1108 1778 unde
1126 1747 1229 1788 pridie
1248 1754 1315 1778 orta

753 1800 799 1824 est
820 1793 909 1831 loco,
938 1791 1074 1823 multum
1102 1793 1214 1831 hodie,
1243 1792 1315 1824 cum

753 1842 868 1875 oritur,
916 1839 1064 1876 discedit,
1111 1839 1313 1880 aberratque;

753 1884 822 1916 tum
845 1884 933 1916 extra
958 1885 1133 1926 eclipticam
1155 1891 1315 1927 evagatur.

758 1933 896 1964 Juveuc.
917 1947 963 1955 —
985 1930 1069 1972 Quin
1091 1942 1163 1962 ossa
1178 1931 1291 1973 legant
1304 1943 1315 1960 :

755 1977 899 2018 quamvis
931 1977 1018 2007 hunc
1046 1977 1154 2008 locum
1188 1979 1316 2018 purgari

755 2025 913 2057 Maecenas
938 2025 1093 2062 jussisset,
1114 2022 1186 2053 fleri
1211 2024 1316 2053 tamen

757 2081 824 2100 non
838 2070 944 2111 potuit
960 2069 1039 2110 quin
1061 2069 1161 2099 multa
1182 2079 1251 2100 ossa
1272 2069 1316 2099 al-

757 2114 820 2146 tius
838 2115 953 2146 infossa
971 2116 1206 2153 remansissent,
1219 2125 1318 2156 eaque

759 2162 798 2192 ab
810 2163 876 2192 istis
895 2160 1042 2192 veneficis
1051 2161 1247 2203 legebantur.

807 2208 839 2239 6.
854 2206 1054 2238 Suco-iactam
1068 2218 1080 2238 .·
1095 2214 1132 2238 ut
1143 2203 1323 2249 expeditius

1269 19 1275 26 t
1298 0 1389 15 'wi-⁹:⁷⁴

1319 20 1325 27 ι
