1422 2528
150 147 211 180 162·
404 149 422 152 “

527 150 568 190 Q.
594 146 775 180 nonam
800 146 953 180 ruem

248 209 445 259 Supplices
461 207 550 245 audi
569 221 724 258 pueros,
740 209 899 260 Apollo!

249 268 424 306 Siderum
441 268 570 317 regina
587 267 774 315 bicornis,
789 267 882 306 audi
895 296 906 313 ‚
1300 273 1332 300 35

455 331 583 374 Luna,
603 327 766 377 puellas!

251 391 374 426 Roma
401 389 433 425 si
450 397 616 425 vestrum
630 397 686 425 est
707 386 803 438 opus
819 388 851 435 3,
871 388 1026 437 Iliaeque

252 448 375 486 Littus
394 450 595 493 Etr-usqum
611 449 768 484 tenuere
782 456 934 496 turmae,

251 513 362 547 Jussa
377 521 464 559 pars
486 516 632 544 mutare
651 509 766 544 Lares
783 516 821 545 et
839 507 976 545 urbem

462 568 610 617 Sospite
630 580 761 614 cursu,
1303 575 1335 602 4ο

250 627 322 664 Cui
338 639 406 677 per
426 627 621 664 ardentem
643 627 723 663 sine
744 625 877 664 fraude
897 626 1049 677 Trojam

250 689 383 725 Castus
403 689 560 732 AEneas,
581 686 716 736 patriae
735 694 943 736 superstes,

252 747 432 786 Liberum
453 747 614 783 munivit
633 747 718 793 iter,
736 747 896 784 daturus

460 807 573 843 Plura
589 805 748 852 relicti53

254 866 322 913 Di,
342 865 484 916 probos
498 878 622 903 mores
635 865 748 902 docili
759 865 925 915 juventae
943 873 976 908 ⁹,
1302 873 1336 902 45

252 925 319 972 Di,
339 926 523 964 senectuti
539 925 694 975 placidae
713 926 896 974 quietem,

254 987 425 1024 Romulae
445 986 546 1035 genti
566 985 652 1022 date
665 997 821 1048 remque
844 986 1085 1035 prolemque,

465 1048 512 1082 Et
535 1045 648 1083 decus
667 1058 789 1083 omne.

155 1239 272 1272 Tendit
296 1238 435 1281 Apollo,
474 1245 506 1270 et
538 1245 647 1270 notam
682 1240 717 1269 in

153 1288 186 1318 h.
199 1289 223 1319 l.
244 1289 312 1318 Hos
329 1286 410 1316 duos
423 1296 532 1316 versus
553 1285 571 1315 a
591 1284 715 1326 pueris,

153 1334 298 1375 duosque
311 1339 479 1373 sequentes
492 1343 509 1362 a
520 1332 638 1372 puellis
648 1342 718 1362 can-

151 1387 234 1411 tatos
248 1380 344 1410 fuisse
360 1389 400 1409 ex
414 1380 484 1419 ipso
499 1385 590 1408 textu
605 1378 716 1418 liquet.

150 1443 198 1451 -·-
215 1425 362 1457 Bicornis
386 1426 479 1455 Luna
499 1435 510 1454 .·
537 1425 638 1465 qualis
663 1435 717 1465 ap-

148 1480 240 1514 paret
269 1473 380 1513 primis
401 1471 561 1502 novilunii
587 1470 718 1507 diebus,

150 1521 185 1550 in
212 1519 332 1560 quibus
358 1517 427 1548 ludi
454 1517 615 1548 saeculares
639 1517 718 1547 eele-

155 1566 339 1596 brabantur.

199 1612 231 1642 8.
244 1613 347 1641 Roma
362 1609 390 1640 si
411 1617 553 1639 vesemm
563 1616 610 1639 esc
621 1619 698 1649 opus
707 1619 717 1639 .·

151 1658 217 1689 haec
240 1663 272 1687 et
294 1667 367 1697 qnae
391 1662 568 1696 sequuntur
593 1655 631 1684 ad
651 1665 719 1684 ver-

150 1715 222 1735 sum
245 1703 347 1744 nsque
364 1703 420 1739 61,
435 1701 476 1731 ab
491 1709 629 1742 utroque
645 1701 718 1731 cho-

152 1762 187 1781 ro
210 1750 336 1780 recitari
368 1749 559 1779 debuerunt.
586 1749 719 1778 Romam

151 1796 256 1827 autem
268 1796 342 1826 ideo
361 1794 521 1836 Apollinis
535 1804 618 1835 opus
638 1795 719 1826 Nos-

151 1851 198 1874 ter
211 1843 362 1883 appellat,
387 1840 476 1882 quod
501 1841 569 1879 ejus
584 1840 719 1870 oraculis

154 1888 287 1920 fidentes
300 1889 450 1927 Trojani,
477 1894 514 1916 ut
535 1885 620 1927 apud
646 1888 716 1916 Vir-

151 1935 262 1977 gilium
270 1934 386 1976 passim
394 1934 497 1976 legere
507 1940 563 1969 est,
576 1933 696 1962 Italiam
707 1955 715 1970 ‚

153 1979 254 2022 patria
278 1980 387 2010 relicta
399 2003 407 2017 ,
430 1981 597 2021 petierant.
614 1980 716 2008 Diana

150 2027 228 2058 vero
237 2038 298 2068 pro
311 2027 415 2057 fratris
426 2025 571 2067 partibus
586 2026 621 2054 in
631 2025 716 2055 bello

152 2074 292 2113 Trojano
309 2073 433 2114 semper
456 2072 553 2102 stetit.
574 2088 621 2095 --
649 2073 719 2101 Sos-

146 2119 215 2160 pice
237 2130 327 2150 cursu
350 2131 361 2150 :
376 2119 457 2149 refer
480 2118 537 2155 ad,
567 2115 717 2153 tenuere,-

151 2163 279 2197 tenue‘re
305 2165 392 2197 littus
425 2167 614 2201 Etruscum,
644 2164 716 2204 post

149 2213 273 2252 felicem
293 2212 537 2254 navigationem.
562 2227 607 2235 —-
634 2210 692 2241 Cui
704 2221 716 2239 .·

770 1239 853 1270 refer
879 1238 936 1278 ad,
964 1250 1045 1280 pars
1067 1240 1166 1281 jussa.
1190 1257 1237 1265 -—-
1262 1241 1336 1272 Sine*

759 1283 886 1327 fraude
900 1296 911 1315 :
924 1286 991 1316 sine
1007 1286 1140 1325 damno,
1160 1285 1272 1318 eontra
1283 1298 1338 1328 pe-

770 1332 870 1363 ricula
893 1339 999 1371 tutus3
1022 1340 1060 1363 ut
1082 1332 1178 1375 supra
1199 1333 1261 1365 od.
1283 1335 1333 1372 ΙΙ,

775 1390 832 1419 19,
855 1388 897 1408 20
909 1390 917 1416 ;
931 1389 1026 1420 quem
1040 1379 1063 1411 l.
1080 1386 1112 1410 et
1128 1387 1238 1411 notam
1258 1390 1336 1412 con-

770 1425 906 1456 suleff—
920 1425 1031 1456 Caseus
1045 1427 1169 1457 AEneas
1190 1436 1202 1456 .·
1225 1426 1337 1457 eodem

770 1482 866 1502 sensu
892 1482 956 1512 quo
974 1471 1046 1512 pius
1068 1471 1087 1503 a
1105 1472 1241 1514 Virgilio
1262 1471 1337 1504 dici-

771 1525 836 1550 tur.
857 1535 904 1541 -—
922 1519 1063 1548 Datur-us
1077 1518 1176 1549 Plura
1194 1518 1314 1550 relictis
1325 1529 1337 1548 :

772 1574 849 1604 opes
864 1564 1047 1604 ampliores,
1074 1575 1210 1606 regnum
1225 1571 1338 1607 poten-

772 1612 837 1640 tius
843 1621 939 1651 quam
947 1621 1018 1651 quae
1027 1612 1154 1650 Trojani
1160 1612 1337 1643 amiserant.

817 1667 849 1696 9.
877 1653 940 1693 Df,
965 1657 1080 1696 probos
1111 1668 1213 1688 mores
1240 1657 1341 1688 docili

767 1701 904 1742 juvenca>
926 1713 937 1732 .·
953 1702 1034 1734 nihil
1049 1704 1085 1734 in
1101 1704 1258 1734 universis
1275 1705 1340 1734 Ho-

771 1750 843 1778 ratii
878 1748 1047 1789 operibus,
1071 1749 1130 1780 ubi
1158 1749 1263 1780 tamen
1291 1756 1338 1780 tot

772 1795 913 1825 miranda
937 1802 1130 1834 occurrunt,
1154 1796 1267 1835 majori
1294 1796 1338 1826 di—

771 1851 870 1882 gnum
884 1841 1092 1872 admiratione
1105 1841 1184 1872 mihi
1195 1841 1337 1882 unquam

770 1888 874 1918 visum
890 1895 936 1918 est
955 1886 1051 1928 quam
1071 1887 1139 1918 haec
1159 1885 1337 1930 strophe-in

769 1931 833 1973 qua
848 1935 952 1964 omnia
964 1933 1205 1975 recolliguntur,
1215 1933 1335 1975 quibus

769 1979 835 2009 sive
863 1981 1004 2020 privata,
1025 1979 1092 2009 sive
1121 1979 1251 2021 publiea
1269 1979 1335 2010 feli-

769 2026 845 2055 citas
861 2031 1004 2056 constare
1019 2032 1134 2066 potest.
1149 2025 1238 2066 Quid
1250 2025 1333 2056 enim

769 2071 810 2101 ad
831 2072 952 2102 bonum
970 2071 1137 2112 publicum
1152 2066 1249 2114 usagis
1263 2082 1336 2102 con-

769 2117 850 2148 ferre
873 2118 1094 2159 intelligimus,
1117 2117 1212 2159 quam
1226 2119 1337 2157 juven-

770 2170 869 2194 tutem
887 2164 978 2195 bonis
990 2163 1126 2194 moribus
1137 2165 1336 2202 instructam,

768 2210 937 2252 legumque
950 2211 1084 2242 salutare
1101 2211 1215 2252 jugum
1237 2209 1339 2241 docili
