1422 2528
486 96 499 108 N

177 123 244 155 214

563 122 604 162 Q.
624 118 807 152 nonATn
829 117 978 153 FLAcm

173 174 347 212 Sermoni
365 174 547 225 propiora
561 204 570 222 ,
589 186 699 226 putes
716 176 817 213 hunc
838 189 918 214 esse
933 184 1098 227 poetam.

173 234 373 282 Ingenium
391 234 452 270 cui
471 235 536 280 sit,
553 235 616 272 cui
635 249 739 272 mens
759 236 940 281 divinior,
965 244 1078 285 atque
1093 247 1136 273 os

172 296 311 343 Magna
328 302 550 332 sonaturum
561 323 571 341 ,
593 295 657 332 des
675 296 838 332 nominis
859 296 970 346 hujus
985 296 1183 333 honorem.

224 352 374 404 Jdcirco
390 354 543 403 quidam
555 384 565 402 ,
589 356 772 392 comoedia
792 369 909 393 necne
925 369 1060 406 poema
1327 365 1359 395 45

171 415 297 460 Esset,
316 415 524 463 quaesivere
544 423 593 461 ¹0,
613 414 716 465 quod
733 410 993 466 acer'spiritus
1013 418 1056 452 :fic
1071 416 1129 453 vis

170 473 249 510 Nee
267 472 395 510 verbis
409 487 477 511 nec
493 474 607 511 rebus
627 475 739 519 inest,
756 473 828 511 nisi
848 474 951 525 quod
971 475 1068 525 pede
1086 483 1191 512 certo

169 533 309 570 Differt
325 536 505 580 sermoni,
523 547 646 571 sermo
664 548 800 573 merus.
813 557 866 563 —
884 538 933 571 At
949 544 1056 585 pater
1074 535 1208 573 ardens

170 593 304 639 Saevit,
321 592 425 643 quod
444 595 641 631 meretrice
657 608 773 644 nepos
787 595 940 633 insanus
957 597 1079 633 amica
1274 639 1285 646 β

169 653 302 700 Filius,
322 666 486 692 uxorem
504 655 636 704 grandi
658 668 744 691 cum
758 655 845 692 dote
865 665 1032 702 recuset,
1325 666 1356 689 ⁵0

168 712 307 750 Ebrius
323 721 378 760 et,
395 727 571 763 magnum
592 715 695 764 quod
710 715 893 761 dedecus,
916 715 1083 754 ambulet
1104 719 1191 754 ante

167 774 327 809 Noctem
346 786 432 810 cum
452 773 609 811 facibus.
624 797 676 802 —-
689 775 884 824 Numquid
904 776 1133 826 Pomponius
1151 781 1176 798 ¹¹
1194 776 1275 814 istis

167 832 328 869 Audiret
346 833 509 880 leviora,
533 842 642 883 pater
657 835 689 871 si
706 835 876 872 viveret?
891 835 990 886 Ergo

165 894 251 930 Non
265 891 353 930 satis
367 902 421 930 cst
441 894 546 943 puris
566 907 715 931 versum
731 895 967 944 perscribere
985 896 1131 943 verbis;

166 953 290 997 Quem
305 952 335 988 si
355 951 555 999 dissolvas,
576 954 699 1003 quivis
719 954 976 991 stomachetur
993 956 1127 1002 eodem
1320 964 1352 989 ⁵5

167 1015 254 1058 Quo
273 1022 496 1062 personatus
513 1023 625 1064 pacto
644 1022 763 1064 pater.
782 1015 868 1061 His,
885 1028 954 1064 ego
974 1028 1059 1065 quae
1074 1019 1189 1065 nunc,

163 1215 236 1244 tiam
254 1214 395 1254 apprime
414 1224 537 1245 servare
562 1217 730 1248 noverint!

161 1276 209 1283 —-
225 1260 371 1290 Sermoni
382 1261 536 1301 propiora
547 1273 558 1291 :
571 1262 635 1292 fere
647 1263 731 1292 simi-

162 1306 203 1336 lia
231 1306 371 1336 sermoni
395 1307 540 1337 familiari
566 1310 622 1348 qui
646 1309 731 1338 inter

161 1352 400 1383 confabulantes
411 1353 558 1384 habetur.
572 1372 619 1379 .-
634 1356 730 1395 Inge-

161 1397 250 1428 nium
267 1399 319 1428 cui
332 1399 387 1434 sit,
418 1399 470 1429 eui
481 1411 570 1430 mens
584 1399 726 1437 divinior,

160 1452 257 1485 atque
283 1456 318 1474 os
342 1447 470 1486 Magna
505 1454 690 1476 sonaturum
716 1457 728 1476 :

160 1490 342 1532 ingenium,
384 1501 497 1532 magua
536 1492 729 1532 imaginandi

160 1537 208 1566 vis
228 1536 245 1566 a
264 1536 384 1568 Natura
400 1538 559 1578 ingenita;
575 1549 663 1568 mens
679 1538 728 1567 di-

159 1581 272 1619 vinior,
288 1589 418 1612 oestrum
434 1584 596 1623 quoddam
615 1591 646 1614 et
664 1595 730 1614 mo-

160 1635 210 1658 tus
231 1630 347 1666 animi,
367 1629 458 1669 quasi
485 1630 610 1671 sibyllae
631 1630 648 1660 a
671 1630 731 1660 deo

159 1685 218 1704 suo
236 1676 395 1715 inspirata!
415 1682 445 1705 et
462 1677 496 1705 in
514 1676 639 1717 tripode
655 1678 731 1706 vati-

160 1722 314 1758 cinantis3
330 1731 364 1750 os
382 1723 508 1763 Magna
526 1730 727 1759 sonatur-um,

159 1767 288 1797 insolita
307 1767 453 1807 quaedam
470 1768 643 1798 verborum
665 1779 730 1798 ma-

160 1812 360 1853 gnificentia,
403 1813 527 1844 vividus
559 1814 731 1845 harmoniae

160 1869 281 1890 sensus.
328 1887 331 1894 ,

212 1915 263 1935 10.
294 1905 432 1945 Quidam
456 1906 611 1936 comoedia
630 1917 730 1936 necne

156 1961 276 1990 poema
303 1952 399 1981 Esset
417 1952 585 1992 quaesivere
606 1963 618 1982 .·
646 1953 730 1982 inter

162 1995 257 2033 alios,
294 1998 423 2034 Cicero,
450 2000 505 2038 qui
532 2000 566 2027 in
595 1999 730 2028 Oratore

161 2042 285 2072 Platoni
329 2050 360 2072 et
402 2044 610 2074 Demostheni
659 2043 729 2084 plus

161 2089 279 2128 poetici
298 2089 417 2129 ingenii
436 2090 550 2131 tribuit
564 2090 660 2130 quam
676 2100 729 2119 co-

162 2134 252 2164 micis
269 2135 389 2175 poetis,
404 2135 493 2175 apud
505 2146 592 2175 quos,
606 2137 727 2176 inquit,

162 2179 243 2210 nihil
265 2187 312 2212 est
331 2180 423 2212 aliud
439 2181 620 2222 quotidiani
643 2181 729 2213 dissi-

783 1217 859 1248 mile
885 1217 1056 1254 sermonis,
1084 1215 1146 1248 nisi
1171 1218 1260 1259 quod
1278 1229 1351 1250 ver-

783 1263 876 1293 siculi
898 1272 981 1295 sunt.
1000 1282 1046 1287 —
1065 1265 1111 1294 Ac
1123 1272 1221 1304 pater
1233 1265 1352 1296 ardens

785 1309 880 1339 Saevit
901 1321 912 1339 .·
935 1308 1074 1348 objectio
1101 1317 1165 1348 est;
1190 1317 1221 1340 at
1246 1312 1351 1350 enim,

781 1356 905 1395 inquiet
918 1357 1050 1396 aliquis,
1067 1367 1123 1386 sua
1139 1366 1266 1397 quoque
1286 1359 1350 1396 vis,

783 1411 859 1431 suus
891 1403 1022 1442 spiritus
1058 1403 1140 1432 inest
1169 1403 1351 1442 comoediae,

783 1457 855 1488 quae
868 1458 978 1478 vocem
988 1448 1156 1488 aliquando
1168 1448 1252 1479 tollit
1260 1459 1310 1491 ἓν.
1321 1461 1351 1491 g.

784 1491 857 1522 cum
882 1495 917 1523 iu
938 1495 1088 1524 Terentio
1110 1496 1244 1532 Demea,
1261 1495 1295 1525 in
1315 1494 1353 1526 fi-

782 1539 861 1568 lium
872 1539 1071 1570 ‘AEschinum
1095 1539 1159 1570 tam
1178 1540 1287 1571 acerbe
1305 1541 1352 1571 in-

784 1585 976 1616 vehitur.—
991 1585 1076 1617 Ant&
1095 1587 1228 1617 Noctem
1242 1597 1253 1616 .·
1263 1587 1351 1627 quod

785 1637 830 1660 est
846 1642 1005 1661 summum
1020 1632 1245 1673 impudentiae,
1259 1643 1349 1674 quae,

783 1678 887 1706 noctis
900 1678 1026 1707 silentio
1040 1685 1072 1707 et
1083 1678 1254 1708 solitudine
1261 1689 1351 1721 oper·

785 1729 831 1759 ta,
851 1723 1046 1754 tolerabilior
1062 1723 1234 1755 videretur.

834 1780 886 1799 11.
922 1769 1089 1810 Numquid
1120 1770 1313 1811 Pomponius
1336 1783 1347 1801 .-

782 1815 953 1855 respondet
986 1815 1159 1854 objectioni
1198 1826 1207 1847 :
1241 1817 1344 1857 atqui,

783 1862 826 1890 ait
858 1863 1029 1898 Horatius,
1058 1868 1148 1902 pater
1178 1864 1348 1903 Pomponii

783 1906 894 1936 iisdem
923 1907 1027 1937 verbis
1048 1906 1151 1938 filium
1168 1918 1276 1945 suum,
1295 1908 1350 1938 fla—

782 1954 931 1993 gitiosum
945 1961 975 1983 et
994 1953 1153 1994 perditum
1171 1953 1348 1985 adolescen-

782 2005 855 2034 tem,
873 1999 1096 2039 alloqueretur,
1106 1999 1221 2040 quibus
1229 2001 1347 2030 Demea

782 2045 978 2075 AEschinum.
1005 2061 1051 2067 ——
1079 2044 1170 2075 Puris
1194 2056 1206 2074 :
1234 2046 1345 2084 claris,

783 2092 950 2131 castigatiS.
965 2108 1012 2114 —-
1023 2091 1123 2130 Quem
1133 2090 1161 2120 si
1169 2090 1321 2122 dissolvas
1335 2103 1346 2121 :

782 2138 835 2166 cui
857 2137 963 2166 versui
983 2138 1009 2166 si
1026 2143 1160 2167 metrum
1181 2144 1211 2167 et
1225 2147 1347 2168 mensu-

781 2193 847 2212 ram
866 2183 996 2214 eximas.
1017 2199 1062 2207 --
1080 2184 1274 2215 Personatus
1286 2193 1346 2223 pa·
