1422 2528
195 116 256 136 122

562 106 611 144 Q.
641 103 824 135 HORATH
845 105 998 137 FLAcm

289 167 368 202 Nec
385 163 487 200 sidus
505 165 586 200 atra
602 171 713 199 nocte
727 163 888 200 amicum
909 175 1112 215 appareat,

399 224 485 270 Qua
505 222 621 259 tristis
641 221 762 259 Orion
779 222 898 269 cadit;
1342 245 1374 260 ι.

290 283 487 330 Quietiore
506 294 575 318 nec
589 281 733 318 feratur
749 294 923 333 aequore,

393 343 517 388 Quam
535 341 652 379 Graia
667 341 857 379 victorum
872 355 1004 380 manus
1023 342 1057 389 3,

289 406 383 446 Cum
402 403 521 438 Pallas
537 410 622 438 usto
642 402 756 438 vertit
774 402 869 438 iram
889 402 937 440 ab
953 403 1026 440 Ilio

390 466 435 499 In
454 462 609 511 impiam
625 461 751 511 Ajacis
768 469 898 499 ratem.

287 525 337 559 0!
358 528 521 572 quantus
537 521 650 557 instat
670 519 812 557 navitis
825 520 942 558 sudor
956 521 1030 558 tuis
1049 521 1084 568 4,
1337 532 1370 559 1⁵

390 581 553 630 Tibique
570 581 691 630 pallor
704 580 828 618 luteus
839 609 849 628 ,
1336 591 1338 593 '

283 644 329 678 Et
348 642 411 678 illa
424 653 507 692 uoq
521 641 638 678 virilis
655 640 822 690 ejulatio,

178 822 280 843 remos
292 809 428 853 dgfferat
441 821 453 840 :
463 820 531 841 non
542 807 646 840 solum
662 810 745 840 fran-

176 866 228 900 gat
238 881 246 897 ,
260 857 315 888 sed
328 859 396 898 ipsa
411 856 505 887 etiam
522 856 672 898 fragmina
685 856 747 887 dis—

177 907 279 946 sipet,
298 902 342 934 ita
362 910 400 933 ut
423 903 531 933 nullus
548 913 588 932 ex
610 903 649 933 iis
668 914 745 933 usus

173 957 380 992 suppetat.——-
385 950 625 990 Quantus:enm
635 948 744 979 eadem

174 995 373 1028 vehementia
384 1018 393 1034 ‚
421 995 500 1036 qua,
526 995 744 1026 etc.-Sidus

173 1043 313 1074 amicum
326 1053 337 1072 .·
346 1042 486 1083 intellige
493 1043 677 1079 Dioscuros,
687 1052 743 1072 sen

172 1091 282 1120 fratres
294 1089 434 1126 Helenae,
442 1088 550 1118 lucida
564 1088 666 1118 sidera
674 1111 683 1126 ‚
693 1099 742 1118 su-

173 1135 286 1177 pr.Od.
296 1137 321 1173 Ι,
333 1136 350 1165 3
357 1158 364 1172 ,
377 1131 532 1174 2.--ριιᾶ
541 1133 740 1164 tristi-<Orion

173 1181 264 1212 cadit
271 1193 282 1212 .·
295 1182 357 1211 illis
366 1180 488 1211 obortis
496 1180 634 1210 tenebris
644 1191 722 1220 quas
731 1203 739 1218 ‚

169 1229 272 1259 nubes
288 1235 368 1258 atras
383 1226 563 1267 colligendo
574 1247 583 1262 ‚
609 1227 739 1258 Orionis

172 1285 301 1305 occasus
311 1274 447 1304 excitare
456 1273 547 1303 solet.
560 1274 608 1303 De
619 1273 738 1303 Orione

172 1321 308 1352 occiduo
329 1320 396 1351 vid.
415 1318 511 1359 supra
537 1321 568 1356 I,
588 1318 650 1356 28,
672 1329 711 1349 21
725 1341 734 1357 ‚

171 1374 202 1398 et
216 1369 283 1405 ΙΙΙ,
301 1377 356 1405 27,
378 1376 431 1404 17.
451 1365 591 1396 Consule
605 1375 734 1407 quoque

169 1421 271 1445 notas.

214 1461 246 1491 3.
261 1459 365 1501 Qultm
384 1457 486 1488 Graia
494 1456 653 1487 victorum
669 1467 734 1487 ma-

167 1517 226 1536 nus
243 1517 254 1536 .·
273 1504 346 1537 cnm
375 1505 479 1534 Graeci
505 1504 659 1540 victores,
685 1505 733 1534 in-

167 1552 260 1583 censa
275 1550 368 1590 Troja
377 1573 386 1588 ,
395 1550 529 1591 patriam
543 1556 730 1590 repeterent,

164 1598 285 1640 fregere
320 1607 415 1627 naves
452 1595 491 1626 ad
535 1595 733 1636 Caphareum

165 1646 294 1676 Euboeae
316 1643 442 1681 insulae,
468 1652 539 1683 quae
563 1643 621 1672 sita
646 1648 693 1672 est
715 1642 732 1672 ὲ

166 1693 296 1733 regione
324 1690 435 1722 Atticae
446 1711 455 1726 ,
481 1689 652 1729 scopulum
675 1699 731 1718 seu

164 1737 432 1779 promontorium.
450 1736 582 1765 Factum
597 1734 630 1764 id
648 1735 730 1766 Nan-

164 1785 224 1826 plii
260 1783 392 1814 Enboeae
433 1782 514 1822 regis
546 1780 643 1817 dolo,
674 1790 730 1810 cu-

160 1832 212 1869 jus
227 1829 312 1861 filius
327 1826 524 1865 Palamedes,
539 1826 731 1868 proditionis

162 1876 240 1907 false»
258 1881 436 1912 accusatus,
451 1880 483 1903 et
503 1873 662 1914 supplicio
685 1873 732 1902 af-

163 1921 266 1952 fectus
287 1922 327 1953 ab
359 1922 398 1951 iis
429 1920 543 1950 fuerat.
573 1918 731 1960 Nauplius

163 1969 267 2008 enim,
286 1975 323 1998 ut
353 1966 415 2001 filii
437 1976 548 1997 necem
576 1966 731 2005 injustam

159 2015 378 2052 ulcisceretur,
392 2013 512 2044 Graecis
521 2010 730 2042 redeuntibus

161 2061 332 2093 obscuram
348 2071 406 2102 per
430 2058 560 2090 noctem'
587 2068 624 2088 ac
648 2063 728 2087 tem-

160 2115 280 2151 pestate
294 2106 515 2148 deprehensis,
528 2104 611 2134 faces
626 2110 730 2134 osten-

162 2156 209 2186 dit
233 2155 250 2185 ὸ
273 2153 456 2196 Caphareo‚
485 2151 574 2193 qnasi
596 2156 728 2191 portum

164 2201 308 2233 indicans
321 2210 329 2233 ε
342 2200 401 2238 illi,
415 2198 536 2229 fraudis
557 2197 674 2239 ignari,
689 2195 728 2226 ad

798 810 948 851 scopulos
962 810 1042 841 allisi
1055 817 1140 842 sunt.
1158 812 1196 841 In
1208 811 1247 842 iis
1266 813 1362 852 Ajax,

798 855 871 887 cum
883 878 891 894 ,
903 855 999 887 fracta
1008 863 1075 887 rate
1085 879 1094 894 ‚
1109 857 1144 887 in
1159 863 1283 888 cautem
1298 870 1367 890 eva-

796 903 902 940 sisset,
921 913 995 932 eum
1022 902 1122 934 Pallas
1150 903 1285 934 fulmine
1309 905 1363 935 de-

793 948 912 987 jectum
933 949 1028 979 undis
1043 949 1170 987 mersit,
1184 949 1233 980 illi
1251 952 1364 982 merito

796 995 916 1025 infensa
926 1017 935 1033 ,
954 995 1042 1035 quod
1057 994 1238 1027 Cassandrae
1250 996 1286 1026 in
1303 1007 1363 1027 sno

795 1038 926 1082 templo,
953 1039 1030 1071 dum
1061 1041 1157 1080 Troja
1185 1049 1360 1083 caperetur,

794 1088 859 1117 vim
875 1086 1030 1118 attulisset
1046 1096 1054 1118 :
1079 1087 1146 1117 ime>
1173 1084 1360 1119 Graecornm

793 1133 914 1163 cladem
937 1133 1018 1164 hanc
1045 1134 1102 1163 nni
1125 1134 1231 1172 Ajacis
1252 1135 1361 1176 impie—

793 1181 861 1217 tati,
878 1186 909 1209 et
920 1180 977 1209 irae
996 1178 1150 1216 Palladis,
1167 1178 1296 1210 videtur
1307 1181 1359 1211 hic

792 1226 945 1256 Horatius
959 1224 1125 1256 ascribere.
1144 1226 1288 1260 Juvmaec.

839 1277 871 1308 4.
899 1272 927 1301 Ο
950 1278 1088 1312 quantus
1118 1270 1217 1302 instat
1245 1272 1359 1303 navitis

789 1318 889 1348 sudor
900 1317 960 1348 tuis
969 1319 983 1347 Ι
993 1316 1058 1356 jzlm
1070 1324 1173 1358 poetae
1184 1318 1231 1348 rei
1242 1317 1358 1349 futurae

788 1371 920 1394 eventus
953 1363 1025 1394 ante
1048 1363 1160 1394 oculos
1192 1371 1354 1401 versatur;

787 1409 875 1440 videt
899 1416 1010 1440 nantas
1032 1409 1214 1448 laboribus,
1235 1410 1354 1451 quibus

787 1467 900 1487 navem
926 1456 1070 1496 periculo
1096 1457 1247 1497 eripiant,
1263 1457 1352 1486 insu-

787 1501 875 1540 dare3
893 1502 979 1533 videt
990 1502 1143 1533 Maevium
1155 1501 1195 1532 de
1205 1502 1277 1532 vitae
1288 1513 1354 1533 suae

786 1548 968 1579 discrimine
999 1548 1213 1589 impallescere
1227 1559 1235 1586 3
1263 1547 1350 1579 audit

785 1605 858 1625 eum
873 1594 1068 1625 muliebriter
1082 1593 1215 1632 ejulare,
1228 1601 1260 1625 et
1273 1594 1351 1624 frus·

784 1640 831 1671 tra
861 1643 977 1672 Jovem
1016 1640 1164 1682 precibus
1202 1640 1349 1682 fatigare3

785 1688 940 1728 conspicit
967 1687 1105 1727 denique
1149 1697 1221 1717 cum
1251 1687 1348 1717 fracta

783 1735 858 1764 navi
873 1734 994 1774 perire!
1015 1732 1166 1764 Similiter
1191 1732 1287 1774 snpra
1315 1734 1350 1769 1,

789 1779 841 1817 15,
869 1791 901 1820 9,
930 1780 1069 1815 Nereus,
1093 1779 1279 1809 vaticinium
1310 1778 1349 1808 de

784 1825 900 1856 futuris
916 1826 951 1855 in
968 1824 1053 1855 bello
1069 1825 1209 1863 Trojano
1232 1823 1348 1866 pugnis

784 1871 904 1902 edens:
930 1870 1021 1901 Eheu
1029 1873 1206 1911 !-q11antus
1238 1869 1343 1911 equis,

784 1925 924 1958 quantus
938 1917 1031 1948 adest
1041 1915 1122 1946 viris
1135 1915 1256 1946 Sudor!
1263 1917 1343 1946 Don-

784 1973 878 1995 muo.
895 1981 941 1987 —
961 1962 1074 1994 Pallor
1096 1961 1196 1992 luteus
1213 1973 1224 1992 .-
1241 1962 1346 1993 lutens

782 2010 874 2041 color
889 2008 1018 2051 proprie
1033 2018 1177 2045 croceus,
1195 2007 1268 2039 flori
1291 2019 1342 2039 ea-

781 2056 875 2086 lathae
894 2055 944 2096 (Ie
964 2053 1052 2085 sonci
1058 2053 1070 2095 )
1089 2055 1276 2094 proximus3
1294 2055 1344 2084 in-

781 2103 882 2144 gentis
894 2109 925 2132 et
933 2101 1032 2131 subiti
1043 2100 1164 2130 timoris
1177 2094 1344 2131 indicium.

783 2149 910 2179 —Non
937 2146 1044 2177 virilis
1071 2145 1205 2188 ejulatio
1227 2156 1239 2176 .·
1262 2145 1348 2188 inge-

781 2195 911 2226 miscere
928 2192 1159 2234 nonnunquckm
1181 2191 1256 2223 ‘viro
1269 2202 1345 2223 con-
