1422 2528
98 111 139 141 30
481 111 523 150 Q.
547 109 732 142 nomm
754 107 906 144 FLAcm

98 225 215 239 mm
225 226 278 237 1.πὶ
285 221 1278 241 tumwuusmmmmmwmmmzsssaesss

608 261 623 275 ἱ

433 353 601 410 ODE
665 353 963 410 SEXTA-

409 500 500 542 AD
544 501 980 545 APOLLINEM.

111 635 204 672 cum,
222 634 351 675 jubente
369 633 537 675 Augusto,
562 633 701 664 Carmen
727 634 892 665 Soeculare
907 633 1061 664 Horatius
1073 632 1205 671 scribere
1227 644 1292 664 me·

153 688 308 719 ditaretur
318 686 406 730 (vid.
411 695 487 728 post
498 688 604 728 Epod.
618 687 731 718 librum
745 690 976 729 Argumentum
990 687 1023 718 in
1041 688 1178 722 Carmen
1189 688 1293 719 Soecu-

155 743 223 773 lare
233 741 260 784 )‚
277 740 337 771 hoc
351 739 471 781 hymno
489 740 655 781 praemisso
679 740 842 781 Apollinis
854 741 1004 783 savorem
1021 740 1081 772 sibi
1097 747 1202 777 tentat
1221 750 1295 771 con·

156 797 278 828 cinare.
293 796 419 826 Laudes
438 795 501 825 Dei
517 795 604 826 canit
625 795 682 837 qui
699 797 864 826 Musarum
883 795 978 826 choro
991 795 1157 836 pmsidet,
1179 805 1298 837 easque

152 850 312 893 praecipue
326 849 484 890 depromit
498 849 515 878 ὲ
523 848 674 891 faciliori
692 859 792 890 quam
807 849 847 879 de
861 849 966 880 Niobe
987 850 1116 891 ejusque
1128 847 1297 880 numeros&

154 905 248 946 prole
271 903 381 935 retulit
395 901 556 939 victor-id,
587 910 620 933 et
641 903 739 932 multo
757 902 866 943 potius
883 903 923 933 de
943 901 1115 934 metuenda'
1137 913 1235 944 quam
1263 902 1297 933 in

159 956 319 989 Achillem
335 955 476 987 exercuit
489 955 621 987 ultione.
649 954 735 986 Hinc
757 955 791 986 in
807 956 929 987 Pelidae
936 953 1106 997 ferociam
1125 955 1296 993 delabitur,

160 1019 195 1042 ut
220 1010 305 1040 hanc
329 1021 372 1041 ex
397 1007 566 1052 Apollinis
585 1017 746 1050 potestate
771 1009 1005 1040 conclusionem
1030 1016 1137 1049 eruat,
1163 1010 1299 1045 Romam

161 1062 280 1094 scilicet
291 1063 398 1094 omnia
414 1063 527 1093 debere
540 1061 706 1103 Apollini,
721 1062 810 1104 cujus
821 1061 890 1092 sine
903 1062 1036 1099 numine
1050 1070 1084 1093 et
1092 1061 1214 1100 tutela,
1232 1073 1302 1094 om-

162 1128 217 1149 nes
241 1115 375 1159 Trojani
382 1139 394 1154 ,
412 1116 502 1146 nullo
517 1115 622 1146 oetatis
646 1113 779 1146 semisve
796 1114 1000 1152 discrimine,
1025 1113 1314 1157 eoecisifuissene,

162 1171 332 1212 deletaque
352 1170 481 1211 prorsus
503 1169 645 1200 Romani
666 1169 792 1210 imperii
817 1169 1024 1200 incunabula.
1052 1171 1131 1200 Post
1150 1169 1236 1202 hanc
1255 1171 1303 1202 di·-

160 1225 358 1268 gressionem
385 1235 457 1265 quae
488 1223 521 1254 in
549 1223 643 1254 nimis
666 1221 767 1266 longt‘i
790 1231 931 1265 quatuor
950 1231 982 1254 et
1005 1222 1128 1266 viginti
1151 1235 1303 1256 versuum

156 1279 346 1322 parenthesi
361 1278 544 1316 includitur,
573 1279 620 1309 ad
634 1289 667 1309 se
688 1278 772 1308 redit
779 1285 895 1319 poeta,
916 1285 947 1310 et
963 1286 998 1309 ut
1019 1278 1053 1308 in
1070 1275 1164 1309 tertia
1176 1279 1304 1323 htq‘usce

163 1332 237 1364 libri
248 1333 479 1374 Melpomenoe‚
502 1331 547 1362 sic
566 1332 598 1362 in
620 1329 680 1362 Ιιᾶο
703 1331 764 1362 ode
780 1330 948 1372 Apollini,
968 1330 1104 1374 quiquid
1113 1333 1237 1373 poetico
1255 1333 1306 1365 in·

160 1387 258 1432 genio
261 1385 374 1429 famoe
387 1395 571 1418 consecutus
587 1394 653 1423 est,
675 1394 842 1427 acceptum
858 1383 966 1427 refert..
985 1388 1066 1418 Mox
1080 1386 1142 1428 ipsi
1159 1388 1307 1421 Camim'

168 1441 325 1473 Saeculari
337 1441 509 1482 praeludit,
523 1452 640 1482 pueros
656 1442 845 1483 puellasque
861 1441 1042 1478 edocendo,
1061 1452 1125 1483 quo
1138 1441 1216 1480 situ,
1233 1444 1304 1486 qul-

166 1496 221 1525 bus
234 1494 336 1524 modis
347 1504 477 1525 carmen
491 1493 574 1524 illud
583 1494 659 1524 mox
670 1494 703 1524 in
713 1493 904 1524 solemnibus
913 1493 1073 1524 Palatinis
1083 1494 1306 1528 celebrandum

168 1548 304 1590 exsequi
316 1547 462 1579 debeant.

124 1605 179 1635 Ex
191 1603 230 1634 iis
245 1614 318 1645 qua*
328 1602 529 1643 prcecedunt,
547 1600 649 1643 liquet
661 1601 817 1642 quantum
828 1601 977 1631 erraverit
987 1602 1134 1640 Sanado,
1149 1603 1217 1644 qui,
1231 1606 1308 1636 solis

170 1654 484 1700 conjecturisfidens,
497 1665 562 1685 non
576 1655 679 1685 solum
694 1653 753 1684 hoc
771 1664 914 1691 carmen,
925 1654 984 1684 scd
993 1654 1187 1696 ‘vigesimam
1197 1665 1231 1688 et
1237 1659 1305 1699 pri-

170 1721 258 1742 mam
274 1709 348 1741 libri
354 1708 469 1750 primi,
488 1709 547 1740 sed
563 1707 659 1738 etiam
670 1708 811 1749 primam
828 1707 913 1738 tertii
927 1707 1000 1738 libri
1006 1707 1124 1749 primae
1138 1709 1214 1740 odes
1227 1718 1305 1742 stro-

165 1764 269 1807 plten,
290 1762 431 1805 quamvis
448 1761 574 1793 alcaico
595 1769 694 1792 metro
706 1762 935 1802 procedentem
954 1761 1040 1804 (Odi
1054 1761 1222 1803 profanum
1237 1766 1309 1796 vul-

173 1828 244 1859 gus,
253 1824 284 1847 et
295 1814 410 1857 arceo),
429 1815 571 1846 Carmini
587 1815 744 1846 Saeculari
755 1814 802 1845 ita
817 1814 1037 1851 immiscuerit,
1061 1822 1095 1845 ut
1105 1826 1148 1846 ea:
1160 1815 1199 1847 iis
1209 1818 1311 1849 variis

171 1870 315 1912 partibus
330 1879 427 1899 unum
445 1880 594 1907 carmen,
616 1869 728 1900 contra
744 1868 886 1899 omnium
899 1867 1040 1899 codicum
1057 1876 1089 1898 ct
1104 1879 1176 1901 mss.
1183 1870 1287 1913 fidem
1296 1895 1307 1909 ‚

173 1923 396 1967 composuerit,
412 1934 608 1965 verumque,
629 1930 664 1954 ut
679 1923 788 1960 aiunt,
805 1922 942 1954 ediderit
954 1930 1135 1957 centonem.

231 2050 332 2085 Dm:
354 2055 376 2093 ¹,
392 2060 504 2097 quem
523 2046 647 2097 proles
666 2045 812 2084 Niobea
828 2058 972 2097 magnae

176 2192 204 2211 1.
227 2180 306 2211 Diae
321 2191 330 2209 :
346 2190 399 2209 sex
425 2186 455 2209 et
485 2180 598 2220 viginti
623 2189 690 2209 ver·
748 2189 801 2209 sus
829 2178 1027 2209 transiliendi
1053 2186 1088 2210 ut
1108 2180 1240 2212 verbum
1266 2193 1311 2212 re·
