1422 2528
477 132 492 147 δ

554 152 634 185 Lm.
658 153 674 184 1
695 150 856 187 SATIRA
877 154 922 186 X.

1239 183 1249 186 -
1286 163 1352 194 277

129 215 234 256 Ante
251 214 383 254 cibum
397 227 556 262 versus,
579 215 743 257 totidem
763 215 962 255 coenatus?
980 215 1137 255 Etrusci

130 274 255 326 Quale
274 276 349 316 fuit
365 275 471 316 Cassi
489 277 630 330 rapido
649 277 864 317 ferventius
885 277 990 317 amni

127 340 352 392 Ingenium,
371 340 496 392 capsis
513 354 632 392 quem
652 341 753 380 fama
764 350 825 380 est
843 354 938 391 esse,
958 340 1147 393 librisque

129 529 220 560 quae,
236 525 275 550 ut
289 518 483 563 plerumque
498 518 588 564 apud
602 521 705 555 Hora-

130 567 232 606 tium,
249 567 267 598 ὲ
282 566 351 599 sola
368 569 646 612 interpunctionis
662 570 707 601 di—

128 614 279 645 versitate
302 617 457 656 nascitur,
493 628 563 648 non
592 616 708 649 melius

129 662 294 693 enucleari
301 674 394 704 posse
404 666 601 704 censuimus,
610 665 709 707 qnam

128 710 156 740 si
170 710 275 751 ipsam
293 711 315 742 J
318 713 448 744 uvencii
468 713 708 755 paraphrasim,

129 755 239 788 addita
273 753 435 790 levissima
469 760 709 800 emendatione,

129 801 197 844 hnc
211 805 468 840 transferremus.
489 810 639 851 Legimus
654 810 712 852 igi-

130 850 185 883 tiu·
198 853 235 884 in
252 859 346 885 textu
355 876 364 892 ,
378 855 570 898 interposita
584 854 710 888 tantum

130 898 197 931 unii
211 901 286 943 post
301 901 388 933 hanc
406 913 539 943 vocem,
560 903 708 943 mollius,

128 947 273 991 virgnlaei‚
284 950 550 990 conjunctionem
575 962 632 989 ac,
651 964 712 995 pro

128 993 327 1038 disjunctiva
355 1005 407 1036 at,
447 1010 546 1042 quam
568 1001 714 1042 praetulit

128 1043 330 1084 Juvencius,
350 1053 383 1077 et
408 1057 483 1078 cnm
507 1050 633 1079 Renato
659 1049 711 1080 Bi-

129 1097 186 1122 net
203 1097 236 1122 et
249 1091 320 1123 aliis
340 1093 504 1136 plerisque
520 1095 710 1137 interpreti-

128 1136 192 1169 bus
220 1149 351 1171 sensum
378 1142 639 1183 praecedentibus
664 1144 710 1175 sic

127 1187 352 1220 annectimus:
366 1202 382 1215 «
391 1191 514 1221 Versus
527 1191 626 1221 Ennii
641 1201 709 1222 non

127 1246 145 1260 κ
155 1233 251 1265 aliam
265 1234 310 1265 ob
326 1245 457 1267 causam
471 1235 581 1268 minus
600 1238 708 1269 elabo-

127 1282 236 1322 ›vx-ati,
254 1281 364 1314 minus
383 1282 506 1315 affabre
518 1285 589 1316 cusi
611 1292 705 1324 sunt,

127 1342 144 1356 ²·
154 1340 214 1367 ac,
245 1329 280 1362 h.
306 1341 335 1362 e.
358 1330 456 1372 quam
489 1333 517 1362 si
547 1333 620 1374 quis
646 1333 710 1364 hoc

126 1390 144 1403 n
155 1374 283 1408 tantum
296 1377 439 1418 studeat,
457 1385 496 1410 ut
508 1390 640 1410 versum
652 1391 710 1412 sex

128 1424 296 1467 ”pedibus
315 1433 541 1468 coagmentare
560 1429 710 1468 noverit,

127 1485 144 1498 »ν
154 1483 254 1515 seque
269 1471 334 1504 hoc
347 1484 417 1505 uno
431 1475 564 1506 nomine
580 1482 711 1517 poetam

126 1531 222 1552 ”esse
245 1531 398 1563 magnum
419 1529 532 1563 putet,
553 1522 630 1564 quia
650 1523 711 1554 du-

126 1580 144 1593 »
154 1575 267 1600 centos
280 1579 393 1600 versus
405 1569 479 1600 ante
491 1580 616 1601 coenam
625 1594 634 1610 ,
647 1578 711 1602 tot-

126 1615 240 1646 »idem
261 1617 337 1658 post
354 1627 480 1648 coenam
502 1619 707 1660 composuit;

126 1674 143 1687 ²·
154 1663 257 1705 qualis
289 1665 449 1695 Etruscus
484 1665 540 1701 ille
579 1666 709 1698 Cassius

127 1710 236 1750 ’‘fuit,
259 1711 353 1751 cujus
375 1722 458 1743 vena
480 1711 571 1744 ferax
594 1720 626 1744 et
649 1712 710 1744 flu-

127 1759 251 1790 ”minis
268 1756 371 1790 instar
382 1759 572 1799 exundans,
587 1767 708 1792 tantam

127 1813 144 1828 >³
155 1807 336 1837 carminum
352 1808 479 1849 copiam
497 1807 708 1849 profuderat,

129 1861 195 1884 ”nt
210 1850 279 1893 ejus
301 1853 380 1884 libri
405 1854 444 1885 ad
467 1855 710 1887 accendendum

129 1910 145 1923 ³²
155 1911 229 1932 eum
246 1911 312 1942 quo
321 1909 536 1944 consumptus
546 1910 594 1934 est
601 1905 710 1945 ignem

129 1948 356 1981 ”suffecerint.
373 1950 407 1981 Si
421 1951 493 1991 quis
512 1949 556 1981 ita
572 1952 706 1990 sentiat,

130 2006 146 2018 ³»
154 1995 296 2027 libenter
325 1996 376 2027 illi
406 1997 586 2028 concedam
614 2001 710 2030 Luci-

130 2053 146 2066 »
157 2043 239 2075 lium
248 2051 377 2086 poetam
384 2044 481 2076 fuisse
490 2045 712 2088 perurbanum

130 2105 147 2117 n
157 2098 190 2122 et
205 2091 372 2134 lepidum3
388 2093 460 2135 ipso
474 2092 570 2124 etiam
586 2095 711 2134 Ennio,

131 2152 148 2165 η
160 2140 217 2180 qni
229 2139 351 2170 satirici
365 2141 517 2172 carminis
527 2139 676 2173 nondum
693 2142 712 2174 a

132 2200 148 2212 a»
158 2187 312 2228 quopiam
330 2187 486 2230 perpoliti
503 2195 535 2219 et
550 2187 568 2219 ἐι
590 2189 712 2221 Graecis

133 2246 147 2260 u
161 2234 310 2266 intentati
324 2242 438 2267 auctor
453 2235 533 2276 fuit,
548 2236 645 2280 longe
657 2247 723 2268 or-·

131 2298 146 2309 »ι
157 2282 331 2319 natiorem;
350 2282 490 2326 denique
514 2285 619 2325 poetis
643 2295 711 2316 om-

296 2338 343 2372 Π.

759 521 888 557 »nibus
908 532 1002 563 'quos
1027 527 1101 552 aetas
1128 521 1235 563 prisca
1269 522 1347 554 tulit

762 584 779 597 ω
790 568 977 606 cultiorem;
1013 566 1254 600 nihilhominus
1291 569 1347 601 ille

763 631 779 643 »υ
789 616 952 656 Lucilius,
981 617 1006 647 si
1026 614 1089 647 hac
1113 622 1208 647 aetate
1235 616 1346 648 nostrii

763 679 780 692 »ι
792 665 934 703 viveret,
968 663 1071 695 multa
1103 663 1121 695 ὀ
1149 665 1216 695 suis
1247 667 1349 696 versi-

765 726 782 739 »
793 712 854 744 hus
865 735 875 751 ‚
894 719 927 743 et
940 710 1050 743 forsan
1065 723 1101 743 ea
1113 712 1182 754 ipsa
1199 722 1272 754 quae
1290 724 1351 756 ego

764 760 950 791 »Horatius
982 759 1221 801 reprehendere
1255 762 1352 792 susti-

765 821 782 834 »
793 818 872 846 neo,
890 806 1074 839 detraheret
1083 818 1119 838 ac
1133 807 1279 839 limando
1294 807 1352 839 de-

766 855 942 894 »raderet;
966 854 1128 886 recideret
1148 856 1252 887 multa
1279 867 1353 898 quae

768 918 784 930 n
794 903 931 934 modum
966 903 1105 935 satiricae
1143 903 1352 946 perfectionis

767 966 784 978 »
794 951 1002 990 exciderent,
1036 958 1068 982 et
1095 952 1131 982 in
1174 951 1354 983 condendis

767 1013 784 1025 »
794 999 996 1031 carminibus
1019 997 1095 1041 plns
1116 1000 1274 1041 temporis
1288 1007 1354 1032 stu-

768 1060 784 1073 ==
796 1046 907 1089 diique
926 1057 1096 1089 apponens
1105 1070 1113 1086 ‚
1124 1046 1209 1089 saepe
1225 1047 1289 1078 sibi
1302 1056 1355 1079 ‘ca-

767 1110 784 1122 n
794 1102 857 1136 put
875 1095 1022 1132 fricaret,
1048 1101 1081 1125 ct
1098 1105 1226 1137 ungnes
1245 1095 1286 1126 ad
1310 1097 1354 1126 vi·

767 1157 782 1172 u
795 1153 875 1173 vum
893 1141 1109 1174 demon-deret.
1124 1157 1141 1169 υ
1157 1143 1216 1174 His
1230 1144 1265 1174 in
1281 1145 1354 1174 uni-

764 1200 897 1222 versum
914 1190 1091 1233 expositis,
1110 1189 1150 1221 ad
1166 1191 1294 1233 singula
1307 1202 1355 1223 re-

764 1238 1011 1270 deamus.—Ac
1022 1249 1033 1268 :
1044 1245 1082 1269 ut
1094 1239 1226 1269 evenire
1237 1238 1335 1270 debet
1346 1263 1354 1278 ,

766 1282 844 1317 cum
862 1286 954 1326 quis,
971 1292 1034 1317 etc.
1060 1284 1145 1317 Vide
1169 1293 1283 1317 notam
1301 1298 1354 1318 sn-

764 1333 940 1373 periorem.
951 1351 1000 1359 —-
1013 1332 1155 1364 Pedibus
1169 1333 1251 1375 quid
1263 1334 1352 1365 clau-

765 1379 842 1410 dere
857 1380 942 1411 senis
959 1392 970 1411 :
986 1380 1061 1413 vide
1078 1379 1194 1422 supra,
1215 1387 1276 1413 sat.
1290 1383 1348 1422 IV,

767 1428 829 1469 393
847 1438 952 1470 neque
969 1427 1056 1459 enim
1070 1428 1267 1460 concludere
1276 1440 1351 1460 ver-

764 1485 835 1504 sum
857 1475 992 1507 Dixeris
1014 1486 1082 1507 esse
1102 1475 1193 1508 satis.
1209 1493 1258 1500 —
1280 1478 1352 1509 110⁶

764 1524 894 1563 ῐᾳηιὰιη
912 1535 923 1554 .·
940 1524 1086 1566 intellige
1104 1523 1162 1554 has
1179 1535 1276 1555 voces
1292 1536 1351 1567 pa·

764 1571 908 1603 renthesi
915 1570 1069 1610 inclusas3
1078 1581 1147 1602 non
1157 1571 1251 1603 aliam
1260 1575 1353 1614 poesi

764 1628 830 1649 suae
844 1618 976 1650 laudem
995 1619 1183 1661 requirens,
1202 1618 1304 1662 qnam
1323 1623 1352 1652 si
1378 1659 1382 1662 γ

761 1666 882 1705 justam
898 1666 1080 1699 hexametri
1090 1678 1276 1698 mensuram
1289 1669 1350 1699 im-

764 1713 915 1754 pleverit.
938 1731 986 1738 —-
1007 1715 1172 1745 Ducentos
1194 1715 1286 1746 Ante
1305 1716 1350 1747 ci-

765 1760 838 1792 bum
855 1772 986 1800 versus,
1008 1761 1144 1793 totidem
1169 1770 1317 1795 coenatus
1337 1775 1350 1795 .·

765 1808 863 1851 supra
875 1832 884 1848 ,
902 1816 961 1841 sat.
982 1811 1041 1847 IV,
1056 1808 1098 1850 9':
1119 1809 1153 1840 in
1168 1807 1249 1841 ἢονᾶ
1263 1811 1350 1854 ,ςιιῬὲ

766 1856 937 1895 ducentos,
968 1859 1012 1888 Uc
1032 1868 1207 1899 magnum,
1234 1869 1352 1890 'versus

765 1903 930 1942 dictabat,
949 1913 1041 1936 stans
1051 1905 1139 1946 pede
1155 1905 1189 1936 ιή
1210 1917 1287 1938 uno.
1301 1925 1351 1931 —-

770 1951 884 1984 Casst:
897 1953 1025 1984 Cassius
1040 1952 1110 1991 ille,
1132 1952 1240 1986 dictus
1253 1954 1351 1986 etiam

767 1999 830 2030 fuit
854 2001 1047 2033 Parmensis.
1075 2001 1214 2032 Antonii
1242 2009 1351 2044 partes

767 2054 897 2079 secutus
932 2047 1047 2080 contra
1084 2049 1293 2091 Augustum,
1331 2050 1350 2082 a

767 2095 893 2127 victore
916 2097 1001 2128 mori
1022 2095 1131 2136 jussus
1157 2104 1221 2136 est,
1252 2104 1284 2128 et
1314 2099 1352 2130 in

766 2153 910 2182 musaeo,
928 2143 1021 2186 qnod
1041 2144 1184 2186 propriis
1201 2143 1296 2176 libris
1319 2153 1352 2176 et

766 2191 965 2223 carminibus
1007 2190 1163 2222 refertum
1210 2191 1353 2224 habebat

766 2238 850 2279 (hoc
879 2238 919 2269 ad
945 2238 1153 2282 hyperbolen
1183 2238 1350 2283 dictum),

768 2285 958 2318 combustus
989 2287 1097 2328 periit.
1125 2304 1173 2310 -—
1202 2286 1317 2328 Capsis
1342 2299 1352 2318 .·

1070 2336 1093 2357 „5
1139 2350 1158 2372 2
1167 2343 1185 2380 4
