1404 2522
689 111 748 142 XV

118 172 354 238 supersteS,
374 183 464 236 ejus
484 183 643 226 oblitus
664 183 774 225 adeo
797 183 946 237 fuerit,
969 192 1019 224 ut
1037 180 1096 222 illi
1113 180 1331 238 imputan-

118 242 223 288 diim
250 249 322 302 sit,
350 249 471 309 quod
499 266 589 293 uno
613 250 800 293 Pedonis
827 249 1090 292 Albinovani
1117 245 1331 306 epicedio,

103 319 258 372 *eoque
284 316 489 359 mediocri
520 317 713 375 quidem,
738 317 868 359 morti
895 316 1004 358 illius
1031 315 1332 358 illacrimatum

118 380 270 436 fuisse,
285 385 480 428 sciamus.
501 385 738 427 Honestior
753 385 844 438 ejus
864 395 1062 426 senectus
1082 383 1184 436 fuit,
1202 383 1332 439 quam

120 458 169 489 ut
193 464 312 507 eum,
342 452 464 505 cujus
493 452 620 494 toties
643 468 743 494 cum
761 450 889 493 laude
908 451 1180 504 meminerat,
1201 463 1332 506 quem

117 518 449 573 partem'animae
474 534 560 561 suae
579 519 779 573 vocabat,
803 533 1016 575 quocum,
1034 515 1332 559 consentiente

119 584 241 639 quasi
255 595 470 627 astrorum
484 586 541 635 vi,
559 586 700 628 vivere
723 600 772 627 ac
785 585 906 641 ssmori
925 585 1123 642 optabat,
1148 594 1197 624 ut
1213 596 1332 634 eum,

117 647 317 706 inquam,
335 651 453 710 apud
479 668 608 710 quem
630 652 752 694 facile
771 652 964 694 omnium
987 651 1224 693 amicorum
1244 648 1335 689 fue·

50 774 60 780 ι
102 726 184 770 ‘rat
198 717 387 774 primus,
418 736 507 762 non
533 721 698 778 primus
725 719 920 761 omnium
951 729 994 761 et
1016 719 1212 761 omnium
1232 716 1331 773 qui-

119 780 217 824 dem
233 785 414 828 maxime
431 785 662 828 defleverit.
683 785 840 827 Purius
862 784 978 843 apud
1007 800 1106 827 eum
1134 794 1176 825 et
1195 783 1335 824 incor-

118 849 290 907 ruptius
319 851 506 906 vixerat,
539 856 668 910 quam
699 863 768 906 ut,
795 852 877 894 olla
903 853 993 905 jam
1030 867 1118 894 non
1151 848 1333 908 amplius

96 912 328 972 -fervente‚
358 920 497 961 omnis
522 919 592 961 ille
620 918 751 962 studii
779 919 908 961 ardor
940 919 984 959 in
1009 917 1168 959 lethale
1198 916 1333 974 frigus

118 981 249 1026 fuerit
273 985 534 1029 immutatus.
562 989 711 1045 Ipsum
737 986 844 1029 illud
867 987 1009 1029 Flacci
1037 986 1252 1028 silentium
1280 983 1334 1024 de

119 1050 244 1093 obitu
267 1051 512 1095 Maecenatis
542 1055 629 1108 sui,
656 1066 698 1096 et
720 1055 788 1096 illa
807 1055 899 1112 ipsa
918 1069 1035 1096 mors
1060 1054 1198 1112 prope
1227 1066 1334 1093 con-

113 1118 282 1174 juncta,
296 1120 576 1178 tumulusque
587 1124 688 1164 mcx
701 1123 950 1180 contiguuS,
967 1119 1198 1164 ostendant
1211 1119 1335 1162 facile

122 1198 235 1241 eum,
249 1187 413 1246 ingenti
432 1186 582 1230 dolore
606 1200 872 1248 stuporeque
892 1188 1124 1240 confixum,
1143 1186 1332 1228 desiisse.

120 1253 198 1296 Vel
214 1255 248 1297 si
261 1255 428 1314 integer
442 1258 562 1314 aeque
579 1273 628 1299 ac
645 1268 861 1316 superstes
884 1253 1036 1309 fuerit,
1055 1270 1144 1297 non
1162 1253 1333 1296 silentio

121 1321 311 1380 quodam
332 1323 540 1366 meditato
558 1335 624 1366 tot
640 1325 693 1367 de
711 1340 762 1367 eo
783 1324 940 1381 scripta
957 1322 1066 1365 adeo
1086 1336 1336 1364 commacu-

121 1389 231 1433 lasse
248 1390 490 1433 censendus
506 1402 582 1444 est,
591 1402 639 1433 ut
653 1408 743 1434 non
758 1403 1003 1449 temporum
1019 1388 1165 1448 potius
1182 1389 1338 1441 injuria

123 1474 292 1503 carmen
312 1457 419 1500 illud
444 1474 468 1499 a
486 1459 656 1516 reliquo
677 1474 856 1517 operum
882 1474 1065 1516 corpore
1094 1457 1253 1515 fugisse
1275 1457 1317 1498 vi

124 1529 287 1572 deatur.
306 1527 504 1585 Sagacior
518 1526 600 1567 fuit
614 1538 655 1568 et
671 1527 716 1567 in
731 1526 901 1568 virtutis
917 1525 1038 1567 cultu
1051 1523 1333 1578 constantior,

123 1600 252 1656 quam
270 1606 321 1638 ut
341 1595 461 1637 cadis
487 1609 579 1636 cum
590 1593 712 1652 faece
727 1596 893 1636 siccatis
918 1592 1077 1652 fugerit
1100 1591 1267 1634 tantum
1293 1603 1336 1633 et

120 1666 313 1708 tacuerit.

181 1733 379 1791 Longum
396 1743 506 1774 esset
529 1731 583 1774 de
600 1732 776 1791 singulis
793 1732 883 1785 ejus
905 1731 1156 1785 virtutibus,
1179 1745 1273 1788 quae
1290 1731 1333 1772 in

122 1800 290 1858 scriptis
322 1800 436 1840 certe
464 1799 680 1853 relucent,
710 1814 963 1841 memorare.
990 1798 1180 1839 Virtutes
1214 1797 1332 1853 dico,

122 1884 216 1926 quae
229 1868 463 1909 honestum
485 1866 637 1908 mundi
653 1867 807 1921 civem,
826 1877 868 1908 et
883 1866 1105 1908 hominem
1122 1865 1202 1907 sibi
1219 1866 1333 1908 aliis-

121 1949 206 1993 que
231 1933 511 1976 commodum
539 1932 722 1975 reddant
739 1949 788 1975 ac
807 1933 978 1986 utilem,
1006 1932 1164 1989 quibus
1181 1943 1223 1974 et
1238 1948 1330 1974 me·-

121 2001 228 2044 liora
255 2016 303 2042 ac
326 1999 575 2042 sublimiora
599 2000 775 2042 edoctos
791 2000 836 2041 in
853 1998 1068 2058 pudorem
1091 2000 1201 2056 saepe
1231 1997 1332 2041 dare

122 2071 268 2128 possit.
293 2067 408 2123 Quid
432 2068 570 2110 dicam
593 2079 762 2127 gratum
786 2068 876 2120 ejus
904 2068 1073 2124 semper
1099 2078 1140 2108 et
1167 2067 1332 2124 ubique

121 2139 221 2195 erga
235 2136 348 2187 bene
374 2135 427 2178 de
451 2150 495 2177 se
521 2136 695 2177 meritos
720 2135 932 2187 animum,
963 2149 1052 2175 non
1073 2144 1121 2175 ut
1145 2135 1206 2175 sie
1223 2150 1334 2176 nova

122 2203 316 2262 quaedam
333 2215 407 2246 aut
419 2203 602 2262 largiora
619 2203 799 2262 flagitet,
815 2202 890 2244 sed
903 2213 950 2244 ut
964 2201 1195 2260 perspicias
1209 2201 1334 2260 plane
