1422 2528
436 114 440 117 ’
492 120 505 126 ’
531 129 612 160 Lm.
637 124 696 158 ιν-
711 124 800 158 onE
818 126 897 158 xv.
1293 119 1335 157 :5

228 187 377 235 Civilis,
404 195 471 225 aut
488 188 546 225 vis
563 182 707 225 efimet
728 183 907 232 otium&
950 210 967 213 -=

282 252 373 288 “Non
386 249 443 287 ira
452 278 463 296 ‚
479 256 566 300 quae
576 247 776 300 procudit·
787 259 915 294 enses,
966 276 970 277 γ

334 310 386 348 Et
400 311 558 349 miseras
578 309 750 347 inimicat
765 308 896 347 urbes.

227 376 334 419 Non,
350 371 418 423 qui
433 371 670 422 profundum
688 370 914 408 Danubium
927 366 1069 406 bibunt
1089 364 1120 410 ³,

230 433 366 472 Edicta
379 440 560 483 rumpent
576 431 699 477 suli-213
716 442 793 468 non
815 434 942 477 Getae,

282 496 370 532 Non
383 495 494 531 Seres
502 521 513 539 ‚
524 491 682 529 infidive
699 495 825 529 Persae
835 520 846 540 ,

336 556 424 608 Non
442 553 603 590 Tanai'm
622 555 746 604 prope
765 552 907 590 flumen
925 550 1013 588 orti.

214 616 384 667 »Nusque
404 612 419 635 ⁶
438 622 475 651 et
489 613 670 664 profestis
686 612 838 650 lucibus
853 621 891 651 et
906 611 1041 656 sacris,
1307 612 1336 635 ²⁵

230 677 336 715 Inter
348 676 474 727 jocosi
490 688 653 712 munera
668 675 820 723 Liberi,

278 738 376 775 Cum
393 737 503 788 prole
529 736 793 787 matronisque
810 734 969 782 nostris,

172 942 189 973 1.
196 959 204 967 .
219 933 355 966 Ext'met
364 933 462 966 otium
471 945 483 965 .·
495 934 615 977 legitur
623 945 703 976 quo-

122 981 208 1029 que,
222 980 354 1024 enget,·
378 992 493 1013 sensus
517 982 616 1013 idem.
635 983 702 1014 Ne·

123 1041 188 1072 que
203 1028 314 1060 civiles
327 1029 502 1067 tumultus,
518 1039 625 1071 neque
635 1030 704 1060 vio-

98 1112 103 1119 ·
125 1077 224 1108 tentia
241 1076 282 1107 ab
294 1082 431 1107 extet-no
442 1076 534 1107 hoste
546 1078 702 1118 ingruens

122 1134 232 1166 pacem
246 1123 286 1154 ab
301 1124 452 1165 Augusto
466 1124 615 1154 'assertam
629 1130 698 1153 tur-

122 1170 258 1210 liqtmut.
276 1176 327 1195 '——-
352 1172 428 1201 Non
454 1170 504 1201 im
527 1182 541 1201 .·
570 1170 699 1201 vividus

122 1217 260 1261 ultionis
274 1217 525 1248 ant-ambitionis
540 1219 681 1260 impetus
690 1239 700 1256 ‚

123 1274 190 1306 quo
224 1265 398 1297 incitante-
420 1266 508 1295 cives
541 1264 581 1295 ad
611 1275 699 1295 arma

120 1317 246 1349 ruunt,
276 1312 467 1354 miseraque
495 1312 588 1342 urbes
624 1322 698 1342 mu·

123 1359 216 1389 tuum
230 1358 294 1390 sibi
302 1359 431 1400 *bellum
445 1358 603 1390 inferunt.

172 1405 205 1437 5.
220 1406 298 1437 Non
327 1405 386 1448 qui
404 1405 604 1446 profimdum
633 1407 699 1435 Dae

126 1451 254 1483 nubium
275 1452 406 1484 bibunt:
423 1453 593 1492 Germani,
610 1453 702 1484 Rhae-

127 1499 170 1536 ti,
183 1500 273 1532 Daci.
286 1518 335 1525 -—-
349 1499 426 1531 Non
451 1500 543 1530 Getae
559 1511 569 1530 :
586 1500 701 1542 populi

124 1546 266 1588 scythiae
300 1549 477 1588 Europeae,
506 1547 562 1588 qui
586 1545 700 1578 versus

123 1594 292 1624 Orientem
313 1601 346 1624 et
367 1595 507 1625 Pontum
532 1595 699 1625 Euxinum

122 1639 213 1671 sedes
223 1651 296 1672 suas
308 1640 482 1678 habebam,
499 1640 600 1672 Gothi
615 1647 702 1683 p0313

122 1686 160 1717 eii
183 1687 400 1730 appellati.—
413 1688 532 1719 Edicta
549 1696 701 1729 rumpent

122 1734 240 1768 Iulia.-
268 1735 352 1777 leges
380 1736 458 1776 ipsis
484 1731 525 1765 ab
546 1737 697 1777 Augusto

122 1782 306 1823 impositas,
332 1783 390 1823 qui
430 1782 535 1813 Julius
565 1793 696 1824 quoque

120 1828 228 1859 dietus
251 1835 298 1860 est
324 1828 341 1860 a
366 1830 402 1860 C.
419 1830 511 1860 Julio
527 1830 664 1867 Caesare,
678 1828 696 1860 ὲ

120 1886 189 1916 quo
206 1875 376 1917 adoptatus
391 1876 506 1908 fuerat.
526 1893 573 1899 —
585 1877 695 1907 Seres:

120 1923 263 1954 Orientis
275 1923 408 1964 populi,
424 1923 527 1964 prope
549 1922 694 1955 Indiam:

119 1979 236 2000 eorum
245 1970 346 2012 sylvae
359 1970 579 2012 bombycibus
595 1970 696 2000 abun-

121 2014 214 2055 dant3
246 2015 324 2047 hine
349 2018 449 2058 panni
482 2018 588 2049 serici.
615 2019 698 2058 Ipsae

118 2062 216 2094 etiz'un
241 2063 371 2095 arbores
393 2064 498 2094 lanam
522 2075 578 2094 seu
602 2064 696 2094 lanu-

121 2110 228 2150 ginem
243 2111 461 2142 mollissimam
477 2112 510 2142 in
524 2110 696 2141 frondibus

121 2156 240 2195 ferunt,
255 2168 297 2188 ex
313 2157 376 2199 qua
396 2165 499 2189 vestes
513 2157 696 2188 conficiunt

121 2202 292 2244 indigenae.
316 2223 363 2229 —
394 2205 527 2249 Itfidive
557 2207 665 2236 Persae
680 2215 692 2235 .·

120 2250 246 2289 Parthi,
280 2253 338 2293 qui
373 2251 423 2283 hic
461 2251 607 2295 perfidiae
645 2262 693 2283 ar-

755 941 914 976 guuntur,
934 933 1022 974 qubd
1041 933 1190 964 Cxassum
1206 930 1240 960 iu
1260 928 1338 959 insi-

754 981 822 1011 dias
846 981 1043 1023 perductum
1067 979 1145 1009 dolo
1166 979 1338 1008 intereme-

755 1035 839 1059 rant.
852 1045 899 1052 -
913 1029 989 1059 Non
1007 1029 1036 1058 T
1033 1025 1150 1057 ana'im
1164 1023 1338 1067 propesltt·

757 1085 832 1106 men
858 1075 940 1106 orti:
954 1075 1101 1117 Scythae,
1119 1073 1234 1104 Tanais
1249 1080 1339 1102 acco-

753 1123 793 1154 lae
804 1145 812 1160 ,
827 1124 882 1163 qui
898 1122 1022 1153 fluvius
1040 1123 1052 1163 (
1066 1120 1163 1152 hodie
1174 1142 1182 1156 ‚
1197 1120 1228 1151 le
1241 1115 1338 1158 Don‘)

753 1171 863 1201 Asiam
885 1170 927 1200 ab
948 1168 1082 1211 Europzi
1100 1167 1229 1199 dividit.
1249 1166 1337 1198 Fluit

754 1216 772 1247 ὲ
791 1218 1014 1259 septentrione
1034 1217 1076 1247 ad
1095 1215 1287 1251 meridiem,
1306 1221 1339 1244 et

753 1265 788 1295 in
802 1264 991 1296 Maeotidem
1014 1263 1167 1306 paludem
1186 1261 1338 1293 devolvi·

752 1319 816 1343 tur.

798 1359 830 1389 6.
845 1359 979 1399 Nosque
992 1369 1005 1389 .-
1021 1358 1215 1389 Suavissima
1233 1365 1337 1398 oppo-

754 1405 848 1436 sitio!
872 1405 1031 1435 exclamat
1055 1405 1172 1435 meritt')
1202 1403 1334 1434 doctiss.

755 1453 818 1484 vir.
830 1452 1066 1484 Mitscherlich.
1086 1453 1214 1483 Exterae
1223 1457 1336 1493 gentes

755 1500 898 1530 nominis
934 1500 983 1530 tui
1015 1501 1210 1540 majestatem
1242 1508 1334 1529 reve-

756 1554 888 1584 rentur-3
909 1558 986 1585 nos,
1001 1547 1147 1578 maximo
1171 1546 1336 1577 felicitatis

754 1593 888 1625 cumulo
901 1593 919 1624 a
933 1601 963 1624 te
978 1595 1096 1633 ornati,
1113 1594 1287 1625 tenerrimo
1304 1600 1334 1623 te

754 1652 862 1672 amore
886 1643 1121 1682 amplectimur,
1138 1652 1207 1672 non
1228 1647 1336 1682 potes·

753 1695 870 1726 tatem,
893 1689 951 1719 sed
975 1687 1133 1719 beneficia
1159 1696 1213 1719 tua
1235 1698 1333 1718 vene-

750 1736 823 1768 rati.
839 1752 887 1759 —-
901 1735 1057 1777 Profe-stis
1078 1735 1202 1766 lucibus
1222 1742 1255 1765 ee
1280 1745 1334 1764 sa-

750 1783 813 1814 cris
827 1794 839 1814 .·
863 1782 1016 1813 omnibus
1042 1783 1248 1824 quibusque,
1264 1782 1331 1812 sive

751 1830 822 1861 festi
849 1831 931 1868 sint,
950 1830 1018 1860 sive
1049 1841 1118 1861 non
1136 1830 1225 1868 festi,
1255 1830 1333 1860 anni

750 1877 936 1908 diebus.-—
957 1878 1036 1908 Cum
1049 1878 1143 1920 prole
1162 1877 1334 1908 matronis-

750 1936 812 1966 que
835 1924 951 1955 nostris
965 1935 977 1954 .·
999 1935 1064 1966 pax
1082 1925 1167 1955 enim
1192 1932 1224 1956 et
1243 1931 1331 1955 tran-

751 1972 893 2013 quillitas
906 1971 1038 2012 publica
1054 1972 1195 2003 maxime
1211 1971 1254 2003 ad
1272 1971 1330 2002 do-

751 2021 914 2049 mesticam
932 2018 1116 2050 felicitatem
1141 2021 1327 2061 pertinent,

750 2072 782 2096 et
801 2066 914 2097 liberis
932 2066 1192 2108 conjugibusque
1210 2073 1242 2097 et
1260 2077 1327 2096 ma-

749 2113 855 2143 tribus
888 2114 1078 2155 gratissimae
1120 2120 1207 2145 sunt.
1239 2113 1327 2154 Qua-

747 2161 893 2201 propter,
911 2160 998 2190 idem
1024 2162 1173 2202 praecipit
1195 2161 1326 2195 Cicero,

748 2207 842 2239 Catil.
864 2208 932 2245 111,
961 2218 1002 2237 10
1015 2230 1023 2245 ‚
1040 2210 1075 2238 in
1091 2207 1328 2249 supplicatione

748 2253 792 2284 ob
807 2260 964 2285 servatam
986 2254 1003 2287 ὲ
1025 2266 1059 2286 se
1077 2254 1326 2297 Retnpublicam
