1422 2528
537 153 616 185 LIB.
642 153 675 183 V
701 154 790 185 ODE
811 155 856 186 X.

1243 149 1307 180 123

303 213 440 250 Preces
459 219 499 250 et
514 225 694 252 aversum
708 213 756 251 ad
772 215 794 251 J
797 225 909 251 ovem
919 242 929 261 ‚

191 272 325 311 Ionius
339 273 420 311 udo
435 275 524 312 cum
537 275 756 326 remugiens
774 275 881 313 sinus

300 336 406 373 Noto
423 333 438 358 ⁵
454 335 629 374 carinam
645 337 818 387 ruperit!
1277 349 1308 365 ²0

193 395 336 446 Opima
348 394 456 448 *qubd
469 397 503 436 si
517 398 669 449 praeda,
690 411 812 436 curvo
830 398 960 435 littore

301 459 502 504 Porrecta,
521 462 675 509 mergos
690 459 839 510 juveris
849 487 860 507 ‚

190 516 440 558 Libidinosus
458 519 726 559 immolabitur
744 535 875 572 caper,

93 567 146 617 ,ἢ

82 752 203 774 cessum
219 749 282 779 est,
299 741 399 785 idque
416 746 509 783 rari„
524 746 664 789 ejulatus

81 788 164 820 verb
193 801 235 821 ne
258 789 388 821 mulieri
414 792 558 834 quidem.
589 795 657 828 Cic,

81 837 217 870 Tuscul.
231 838 284 876 11,
301 839 358 870 23.
371 855 421 863 -
439 841 595 872 Aversum
617 843 666 873 ad

79 885 192 916 Iovem
207 895 220 916 :
239 884 300 916 tibi
313 886 432 918 iratum
441 909 450 926 ‚
466 898 577 930 preces
592 895 662 921 tuas

79 930 319 976 dedignantem.

129 1025 161 1058 5.
177 1025 289 1057 Ionius
309 1026 373 1058 udo
388 1027 460 1059 ciam
478 1030 663 1073 remugiens

78 1072 167 1104 sinus
184 1075 274 1105 Noto
290 1084 302 1104 .·
315 1073 392 1106 cum
414 1086 504 1107 mare
529 1078 661 1111 Ionium

77 1127 252 1152 ventorum
286 1122 464 1165 mugitibus
499 1123 660 1158 fluctuum

70 1177 211 1200 suorum
225 1168 352 1211 fragore
365 1170 575 1212 respondens.
593 1175 662 1205 Ma-

76 1215 258 1251 telonium
279 1216 374 1249 alluit
396 1217 438 1248 ab
457 1229 574 1251 occasu
586 1222 659 1252 Ma-

74 1261 220 1294 cedoniae
233 1273 323 1295 oram
338 1271 371 1296 et
389 1265 431 1296 ad
447 1266 586 1298 insulam
603 1279 657 1300 us-

75 1319 140 1352 que
153 1310 284 1343 Cretam
299 1311 499 1346 extenditur.
514 1332 560 1338 -
570 1317 658 1347 Mer-

72 1366 134 1398 gos
139 1356 262 1400 juveris
275 1369 288 1390 .·
306 1367 429 1402 gratam
441 1362 573 1392 marinis
590 1364 656 1394 avi-

76 1403 139 1435 bus
157 1415 278 1444 eseam,
295 1406 485 1438 inhumatus
509 1410 656 1450 praebue-

77 1451 190 1484 rio.--
207 1452 414 1485 Libidinosus
431 1465 551 1497 caper:
566 1458 649 1497 sive,

76 1499 175 1539 quod*
188 1499 338 1532 foetidum
353 1508 385 1533 et
406 1502 495 1534 salax
514 1504 651 1543 animal,

298 581 347 618 Et
361 592 459 631 agna
474 581 800 633 Tempestatibus.

721 747 819 791 digna
842 747 965 778 Maevio
987 746 1122 777 victima
1140 745 1302 784 videntum

720 795 788 826 sive
797 817 806 833 ,
818 794 909 836 quod
920 793 1126 825 verisimilius
1135 800 1183 824 est
1194 816 1203 831 ,
1214 803 1305 824 com—

719 843 813 873 muni
822 842 968 884 epitheto
977 841 1182 873 libiditzosum
1191 839 1301 882 appel-

718 890 914 922 letur.—Ee
922 901 1014 933 agna
1027 888 1281 930 Tempestatibus
1292 899 1302 916 :

719 939 938 979 'tempestates
949 961 958 976 ‚
971 944 1009 968 ut
1022 935 1205 968 metuendae
1219 935 1298 973 deae,

718 984 883 1016 sacrificiis
915 984 1143 1026 placabantur;
1184 981 1302 1025 populi

718 1032 863 1063 Romani
887 1033 951 1063 rim
977 1038 1177 1063 consecratoe
1204 1037 1296 1067 sune,

715 1080 827 1122 inquit
861 1080 929 1112 Cic.
963 1079 1004 1110 de
1030 1080 1105 1111 Nat.
1129 1080 1275 1109 Deorum
1285 1101 1296 1115 ,

714 1128 784 1165 111,
801 1127 841 1159 51
859 1137 869 1159 z
883 1126 996 1158 Nostri
1007 1126 1124 1165 duces,
1142 1136 1233 1156 mare
1245 1125 1297 1156 in-

711 1174 917 1217 gredientes,
947 1173 1122 1206 immolare
1155 1171 1294 1204 hostiam

703 1221 860 1265 fluctibus
876 1229 1120 1254 consueverant.
1140 1220 1189 1252 Ad
1206 1220 1296 1251 hunc

711 1280 835 1301 morem
851 1270 961 1301 allusit
974 1269 1151 1312 Virgilius,
1166 1267 1294 1300 AEneid.

712 1317 783 1355 111,
806 1328 870 1349 120
889 1327 896 1349 ε
917 1317 1059 1360 Nigrum
1077 1315 1189 1347 Hiemi
1199 1325 1295 1355 pecu-

711 1364 785 1395 dem
797 1388 806 1402 ,
822 1363 983 1406 Zephyris
989 1364 1147 1407 felicibus
1160 1362 1270 1393 albam
1280 1386 1292 1400 ,

709 1418 742 1441 et
757 1414 802 1450 V,
831 1423 896 1452 772
914 1422 922 1443 :
948 1413 1025 1442 Tres
1049 1410 1152 1451 Eryci
1171 1409 1295 1440 vitulos

709 1465 744 1489 et
758 1458 1013 1501 Tempestatibus
1028 1469 1154 1503 agnam
1180 1456 1291 1489 Caede-

708 1516 742 1537 re
754 1506 874 1538 deinde
883 1506 983 1547 jubet.
