1422 2528
532 155 612 188 m.
635 154 684 186 ιν
708 153 797 185 oms
820 152 880 184 1x.
1263 153 1306 188 49

195 219 348 258 Vindex
369 230 494 256 avarae
512 214 675 259 fraudis,
698 220 736 250 et
755 211 950 250 abstinens

198 281 386 318 Ducentis
407 279 455 317 ad
471 292 511 316 se
529 283 667 315 cuncta
682 272 879 326 pecuniae3

253 343 480 395 Consulque'
498 348 513 370 ⁹
531 350 610 375 non
628 337 743 374 unius
763 334 871 380 anni,

311 401 389 440 Sed
406 401 557 452 quoties
573 398 700 436 bonus
718 405 834 446 atque
850 393 948 432 fidus
1277 401 1310 429 ⁴0

204 463 330 502 Judex
351 464 556 501 honestum
576 459 746 511 praetulit
765 457 871 502 utili,
892 464 930 493 et

203 524 352 576 Rejecit
372 525 450 562 alto
470 523 571 560 dona
590 519 811 558 nocentium

257 586 396 632 Vultu,
415 595 454 624 et
472 597 544 637 per
562 582 759 622 obstantes
777 589 952 619 catervas

311 647 508 700 Explicuit
524 659 594 684 sua
608 644 735 682 victor
754 656 872 681 arma.

206 711 295 748 Non
312 709 571 761 possidentem
591 705 709 744 multa
730 703 931 742 vocaveris
1084 698 1093 706 '
1285 709 1317 740 45

208 772 327 811 Recte
348 771 524 817 beatum;
547 768 690 806 rectius
711 774 876 816 occupat

262 836 415 872 Nomen
432 832 555 879 beati,
576 832 643 883 qui
661 833 835 868 Deorum

323 893 554 932 Muneribus
573 892 766 944 sapienter
783 890 841 928 uti
852 896 894 936 ¹0,

109 1046 253 1078 hostium
278 1045 451 1087 sanguine,
479 1054 562 1085 quos
583 1053 696 1073 secun-

111 1094 164 1125 dis
177 1093 296 1136 praeliis
311 1103 381 1123 non
401 1091 501 1122 semel
519 1090 695 1132 superavit.

112 1143 135 1174 J
136 1151 257 1172 uvnm.

165 1199 199 1230 9.
214 1185 397 1228 Consulque
410 1196 476 1216 non
491 1183 584 1214 unius
597 1182 694 1213 anni.-

116 1233 208 1275 ciun,
225 1242 263 1266 ut
278 1233 375 1276 supra
389 1232 513 1263 dictum
523 1237 582 1268 est,
593 1241 698 1260 unum

115 1282 182 1323 jam
195 1282 398 1314 consulatum
409 1280 555 1323 gessisset
564 1277 699 1315 Lollius,

117 1330 159 1362 ad
171 1340 268 1372 quem
283 1329 407 1359 virtute
432 1325 599 1358 multoties
613 1335 702 1366 spec-

117 1377 183 1409 taui
206 1374 345 1408 evectus
361 1375 482 1412 fuerat,
497 1374 606 1404 innuit
634 1373 702 1402 Ho-

122 1426 222 1456 ratius
238 1435 312 1455 eum
323 1446 332 1462 ,
341 1422 466 1453 easdem
478 1422 616 1451 virtutes
627 1429 703 1449 con-

122 1471 281 1503 tinuando
292 1493 301 1509 ‚
330 1470 537 1500 consulatum
571 1477 701 1508 quoque

123 1521 314 1551 continuare
338 1515 452 1548 videri.
484 1517 589 1556 Quam
615 1514 701 1544 enim

121 1568 346 1598 anctoritatem
370 1563 437 1595 sola
468 1562 610 1603 supremi
634 1571 702 1590 ma-

122 1611 272 1655 gistratus
298 1610 445 1654 potentii
466 1611 501 1641 in
520 1619 596 1640 suos
615 1609 701 1639 Con-

122 1660 175 1691 sul
202 1667 349 1697 exercet,
375 1657 464 1688 illam
491 1658 542 1687 vir
560 1655 700 1698 probus,

122 1709 228 1750 gravis
245 1713 278 1737 et
295 1708 437 1748 integer,
451 1704 529 1735 licet
544 1704 703 1745 privatus,

121 1765 270 1786 exercere
280 1754 346 1785 dici
361 1759 475 1795 potest.
493 1752 609 1783 Nescio
622 1749 702 1791 quid

123 1802 232 1833 tamen
250 1801 324 1832 duri
338 1808 370 1831 et
384 1799 507 1830 insoliti
524 1809 653 1828 manere
667 1798 703 1827 in

122 1847 174 1880 his
182 1849 338 1882 vocibus:
353 1849 414 1878 Est
425 1846 481 1877 tibi
493 1845 623 1876 animus
630 1855 704 1875 con-

123 1896 185 1935 sul,
196 1907 264 1927 non
274 1894 499 1927 diffitebimur.
509 1894 581 1930 Eas,
593 1903 635 1934 qu
641 1902 704 1921 am-

122 1943 173 1975 vis
189 1943 208 1975 ὲ
226 1943 400 1975 Torrentio
416 1947 447 1971 et
462 1942 483 1972 J
485 1940 623 1971 uvencio
632 1950 706 1981 pro-

124 1990 216 2022 batas
226 2013 235 2029 ,
249 1998 282 2021 et
295 1989 312 2021 ὲ
322 1987 544 2021 Mitscherlich
561 1997 704 2028 propug-

125 2044 214 2070 natas
224 2061 233 2077 ,
247 2049 308 2068 nos
318 2060 327 2076 ‚
347 2046 422 2067 cum
451 2035 601 2065 Dacierio
630 2044 708 2064 con-

126 2086 301 2117 sentientes
309 2107 318 2122 ,
330 2081 564 2125 reprehendere
574 2104 583 2118 ‚
597 2079 708 2111 timide

126 2131 222 2171 licet,
250 2133 318 2163 ausi
356 2131 529 2166 fuerimus,
552 2138 709 2160 memores

128 2178 272 2210 modeste
287 2178 327 2209 de
344 2185 434 2208 tanto
448 2175 541 2218 poeta
561 2185 708 2216 pronun-

129 2225 293 2265 tiandum,
308 2236 350 2256 ne
366 2224 448 2255 forte
459 2246 468 2262 ‚
487 2229 524 2253 ut
540 2223 583 2252 ait
605 2223 708 2262 Quin-

127 2273 261 2304 titianus
272 2296 281 2311 ,
299 2272 453 2303 damnent
472 2269 563 2312 quod
577 2279 646 2299 non
659 2269 708 2298 in-

317 2327 373 2362 ΙΙ.

748 1041 911 1083 telligunt.
927 1058 975 1064 —-
994 1040 1061 1070 Sed
1081 1040 1206 1082 quoties
1224 1052 1234 1070 :
1250 1051 1328 1070 eon·

747 1090 846 1130 junge
870 1098 944 1118 cum
972 1087 1254 1129 praecedentibus:
1272 1087 1329 1118 sed

750 1136 876 1177 semper
892 1135 1016 1172 consul,
1037 1143 1067 1166 et
1081 1135 1245 1177 praecipue
1254 1146 1333 1176 quo·

751 1184 829 1221 ties,
856 1184 1098 1214 eim—Judex
1115 1195 1126 1214 .·
1153 1182 1230 1213 inde
1254 1193 1331 1212 con-

753 1230 884 1261 cludere
912 1231 956 1260 fas
977 1237 1041 1268 est,
1060 1231 1200 1261 Lollium
1215 1240 1333 1260 consu-

753 1278 820 1309 latu
845 1277 1034 1308 defunctum
1046 1301 1054 1316 ,
1074 1279 1151 1308 alios
1170 1279 1334 1319 magistra-

755 1332 817 1361 tus,
834 1336 903 1356 non
924 1324 1029 1356 solum
1052 1327 1204 1356 militares
1221 1323 1334 1367 (quod

757 1371 916 1414 constat),
940 1373 994 1403 sed
1019 1372 1114 1403 etiam
1138 1373 1267 1410 civiles,
1297 1378 1335 1402 ut

756 1421 966 1461 propraetoris
987 1420 1038 1450 vel
1061 1419 1284 1462 proconsulis,
1302 1420 1337 1449 in

757 1466 929 1497 Germania
940 1490 948 1504 ,
963 1468 1113 1498 videlicet
1123 1491 1132 1505 ,
1143 1467 1335 1498 exercuisse.

756 1516 820 1545 Res
842 1513 859 1544 a
875 1515 1088 1555 sequentibus
1104 1515 1218 1557 liquet.
1239 1513 1339 1555 Quod

757 1561 863 1591 autem
887 1561 926 1592 de
951 1562 1065 1592 animo
1081 1563 1210 1593 consule
1222 1586 1229 1600 ‚
1244 1561 1278 1591 id
1299 1561 1339 1591 de

757 1609 869 1639 animo
887 1609 1018 1651 judice,
1043 1617 1075 1640 et
1098 1610 1203 1640 multo
1218 1608 1336 1650 magis,

757 1655 796 1686 de
819 1656 931 1687 animo
956 1658 1013 1698 qui
1028 1657 1135 1699 rejicit
1153 1658 1221 1688 allo
1241 1656 1338 1687 vultu

757 1703 844 1733 dona
869 1704 1071 1742 nocentium,
1098 1704 1247 1746 profiteri
1269 1714 1338 1734 non

757 1751 952 1783 dubitamus.
972 1770 1018 1776 —-
1029 1754 1094 1783 Per
1109 1753 1269 1782 obstantes
1285 1762 1339 1781 ca-

759 1806 863 1829 tervas
883 1799 1053 1840 Explicuit
1077 1811 1137 1829 sua
1152 1800 1264 1830 ‘victor
1285 1809 1338 1829 αν-

758 1856 814 1875 ma
828 1857 839 1876 .·
856 1853 991 1877 catervae
1008 1846 1171 1877 obstantes
1187 1847 1321 1887 justitiae
1332 1869 1340 1884 ,

759 1901 837 1923 sunt
854 1905 1007 1932 munera,
1019 1895 1221 1936 largitiones,
1238 1896 1340 1932 favor,

761 1939 902 1970 adulatio
909 1948 941 1971 et
950 1949 1063 1972 ceterae
1072 1942 1103 1971 id
1116 1953 1218 1984 genus
1225 1948 1340 1983 pestes,

761 1989 906 2020 Juvznc.
927 1988 982 2019 Ad
1006 2000 1072 2018 rem
1101 1990 1246 2031 apprime
1267 1990 1342 2019 facit

762 2035 949 2077 metaphora
978 2036 994 2066 e
1016 2036 1124 2067 verbis
1150 2036 1343 2068 militaribus

763 2081 908 2113 desumta
919 2106 928 2121 ‚
944 2081 1018 2113 cum
1029 2083 1068 2114 de
1082 2083 1165 2115 duce
1175 2092 1205 2115 et
1215 2084 1254 2115 de
1266 2085 1342 2115 Ger-

762 2140 933 2160 manorum
951 2132 1074 2161 victore
1089 2139 1211 2173 agatur.

815 2187 867 2209 10.
902 2179 1044 2208 Deorum
1078 2179 1260 2210 muneribus
1288 2190 1342 2208 sa-

757 2223 890 2264 pienter
905 2226 978 2256 uti:
994 2225 1107 2256 beatus
1127 2227 1182 2256 ille
1201 2234 1265 2262 est,
1284 2228 1342 2268 qui

764 2270 893 2301 divitias
923 2270 941 2302 ὲ
971 2272 1032 2303 diis
1054 2275 1206 2311 sortitus,
1225 2273 1345 2304 divitiis

1123 2325 1144 2361 5
