1404 2522
520 115 599 147 Lm.
626 113 674 145 lv
699 115 788 146 ODE
812 114 840 147 Ι.
1274 109 1291 138 3

181 174 224 214 Si
243 182 392 212 torrere
404 172 516 224 jecur
532 173 674 224 quaeris
689 173 886 212 idoneum.

285 235 464 286 Namque
480 243 519 273 et
534 233 676 272 nobilis
687 263 698 282 ,
713 242 752 272 et
770 235 911 273 decens
934 234 968 282 5,

184 298 232 347 Et
250 309 323 348 pro
345 296 517 336 sollicitis
536 310 614 334 non
633 297 772 334 tacitus
790 297 884 344 reis,

289 360 338 395 Et
355 365 509 395 centum
529 370 628 408 puer
648 358 813 405 artium,
1264 360 1294 383 ¹5

184 419 282 457 Late
293 419 400 470 signa
415 419 512 456 feret
529 419 675 457 militiae
693 429 781 457 tuae.

291 481 343 518 Et
361 478 596 531 quandoque
616 480 814 531 potentior

184 539 318 592 Largis
337 541 562 579 muneribus
582 541 711 579 riserit
729 540 855 579 aemuli
865 569 876 588 ‚

289 600 462 639 Albanos
483 602 607 652 prope
623 610 660 639 te
684 603 788 640 lacus

179 664 300 700 Ponet
315 675 588 708 marmoream,
614 663 687 701 sub
705 663 816 702 trabe
835 663 967 701 citrest.
1262 677 1293 693 20

288 721 370 762 Illic
390 724 558 776 plurima
574 724 736 763 naribus

181 787 309 824 Duces
329 785 444 824 thura
466 785 499 834 ⁶,
520 786 689 838 lyraeque
712 795 751 824 et
771 785 1035 837 Berecynthiae

76 928 151 960 bere
178 939 190 960 .-
220 936 251 960 te
273 928 464 968 transferes,
491 929 554 960 ibis
578 941 654 961 cum

75 976 196 1008 lascivo
210 986 358 1008 amorum
375 984 407 1007 et
419 978 568 1008 omnium
582 988 656 1019 quae

77 1023 118 1054 ad
135 1023 337 1066 voluptatem
360 1025 524 1065 pertinent
551 1026 655 1055 comi-

75 1078 156 1102 tatu.
190 1070 368 1102 comissam·
393 1070 411 1102 ὲ
439 1070 542 1114 graeca
574 1082 656 1103 voce

75 1116 234 1162 κωμάζειν
249 1117 433 1156 derivatur,
452 1129 526 1160 quae
543 1118 657 1149 eodem

73 1175 172 1197 sensu
199 1166 235 1197 in
265 1165 439 1197 Theocrito
462 1176 533 1196 non
558 1166 657 1197 semel

72 1212 203 1255 legitur.
219 1208 394 1256 Κωμάσδω
407 1209 482 1243 ποτὶ
497 1209 555 1243 τὰν
569 1205 656 1256 Ᾰμα·

74 1255 219 1304 ρυλλιδα..
234 1259 332 1303 Idyll.
347 1261 415 1299 ΙΙΙ,
437 1271 466 1291 x.
476 1262 654 1291 —Jecurs

49 1343 50 1346 Ἰ
73 1313 113 1339 nt
140 1307 274 1339 aliarum
296 1307 532 1349 cupiditatum,
558 1308 603 1338 sic
622 1314 655 1338 et

71 1360 219 1386 ”neree
241 1353 388 1386 libidinis
423 1353 542 1386 sedem.
567 1354 653 1386 Vide

75 1400 193 1444 supra,
210 1401 274 1434 Od.
294 1404 329 1441 1,
349 1402 411 1441 13,
429 1407 468 1441 4,
491 1408 525 1433 et
543 1409 655 1433 notam

76 1448 112 1479 in
124 1447 213 1480 hunc
227 1449 350 1481 locum.

125 1495 158 1528 5.
175 1497 306 1528 Decem·
321 1507 332 1527 :
357 1494 507 1538 pulcher,
535 1495 654 1527 amabi-

74 1541 134 1582 lis,-
151 1549 190 1574 ut
207 1542 304 1585 supra
322 1544 355 1581 Ι,
380 1543 442 1581 18,
459 1543 493 1575 6.
510 1560 559 1567 -—
576 1545 655 1575 Non

75 1589 193 1621 nucinas
215 1601 228 1621 .·
251 1600 312 1632 per
336 1589 471 1629 litoten‚
499 1601 577 1633 pro,
598 1590 656 1633 fa-

75 1636 224 1675 candus,-
242 1637 310 1668 ὶωὸ
329 1644 361 1668 et
378 1637 506 1679 semper
525 1645 655 1680 paratus

74 1683 115 1715 ad
144 1683 394 1726 impendendam
421 1684 594 1716 clientibus
617 1686 653 1716 in

71 1730 162 1764 litem
188 1729 355 1762 difficilem
385 1731 526 1771 adactis,
553 1739 585 1763 et
613 1732 654 1763 de

73 1788 177 1811 caune
199 1780 292 1810 exitu
316 1778 479 1817 sollicitis,
499 1780 652 1821 elofiuen-

73 1826 126 1858 uae
158 1836 226 1858 suae
257 1836 399 1868 operam.
433 1844 480 1850 —
516 1826 650 1858 Centum

67 1883 155 1915 puer·
165 1872 284 1904 artium
299 1884 312 1905 :
324 1875 381 1915 qui
391 1896 401 1912 ,
413 1873 490 1904 licet
505 1874 649 1914 juvenis,

71 1920 253 1952 innumeris
277 1920 380 1962 pollet
418 1921 562 1959 artibus,
590 1923 651 1952 im-

72 1967 182 1999 mensa
205 1966 363 1999 doctrinae
383 1968 581 2010 supellectile
598 1970 650 2000 in·

72 2016 220 2046 struitur.
249 2032 297 2039 —
327 2015 411 2046 Lat&
440 2015 536 2058 signa
561 2017 650 2057 seret

72 2061 201 2094 miliciae
213 2069 278 2094 euoe
289 2073 302 2094 .·
311 2073 550 2104 quamcumque
563 2063 652 2105 puel-

71 2108 137 2140 lam
157 2119 363 2152 aggressurus
380 2111 440 2148 sit,
465 2110 650 2142 felicissimo

70 2155 198 2188 dotium
212 2157 358 2199 corporis
369 2181 377 2195 ‚
394 2158 493 2188 animi
511 2164 543 2187 et
560 2158 651 2199 inge-

69 2203 118 2234 nii
142 2207 324 2242 consortio,
349 2204 385 2235 id
408 2204 501 2235 facile
519 2204 647 2235 obtine-

69 2248 120 2281 bit
143 2256 181 2282 ut
203 2252 373 2283 victoriam
391 2252 518 2284 referat.
537 2269 584 2276 --
602 2253 647 2282 Ec

708 929 907 972 quandoque
919 940 931 959 :
946 928 1224 970 quotiescumque.
1241 943 1289 949 —

709 977 879 1008 Potentior
911 976 1018 1007 riserit
1052 986 1063 1006 :
1094 973 1222 1031 poetice
1259 979 1293 1003 et

710 1025 815 1055 multo
842 1022 1019 1065 elegantius
1044 1032 1142 1064 quam
1166 1021 1194 1051 si
1217 1020 1292 1050 sim·

710 1071 839 1112 pliciter
853 1071 1014 1102 dixisset:
1032 1066 1291 1110 Potentiorfice-

711 1117 764 1150 rit.
774 1136 822 1142 —
836 1118 954 1161 Largis
967 1116 1151 1148 muneribus
1160 1114 1291 1146 aemuli:

710 1167 879 1207 potentior
908 1166 1043 1203 aemulo,
1067 1164 1154 1195 certe
1176 1161 1292 1204 praefe-

709 1213 831 1244 rendus
841 1213 935 1244 rivali
950 1213 1100 1250 cuilibet,
1115 1221 1214 1253 quem
1228 1220 1292 1240 ma-

705 1260 904 1299 jorsolarum
913 1259 1100 1291 divitiarum
1107 1258 1199 1299 copia
1208 1268 1293 1288 com-

707 1307 884 1339 mendaret.
902 1325 948 1331 -—-
971 1307 1120 1338 Albanos
1134 1305 1238 1346 prop&
1260 1311 1292 1335 te

708 1355 800 1385 lacus
824 1366 836 1385 .·
861 1355 951 1385 lacus
980 1354 1148 1389 Albanus,
1170 1351 1288 1390 hodie,

709 1402 787 1445 lugo
811 1401 846 1432 di
866 1399 1198 1443 CasteI-Grandoljb,
1213 1400 1291 1439 jux-

710 1448 743 1480 ta
773 1460 870 1491 quem
898 1449 1008 1480 villam
1039 1447 1290 1479 amoenissimam

708 1497 840 1527 Paullus
859 1496 1110 1538 possidebat.-—
1123 1494 1186 1525 Sub
1199 1493 1291 1525 trahe

709 1541 812 1574 citrea*
831 1555 843 1575 .·
856 1545 892 1574 in
906 1544 1023 1575 sacello
1039 1543 1099 1574 tibi
1118 1548 1289 1579 extructo,

710 1591 804 1630 cujus
837 1598 978 1629 tectum,
1010 1590 1049 1621 ad
1082 1587 1292 1633 magnificen-

710 1639 804 1677 tiam,
827 1649 895 1669 non
921 1640 1053 1680 quernis
1072 1645 1128 1668 aut
1149 1637 1290 1679 vulgari-

709 1685 772 1716 bus
788 1686 902 1728 lignis,
922 1685 978 1716 sed
998 1685 1146 1716 trabibus
1165 1685 1290 1723 citreis,

709 1744 781 1774 quae
806 1744 924 1776 magno
954 1740 1090 1774 sumptu
1111 1743 1154 1763 ex
1179 1731 1291 1762 Africa

708 1782 846 1812 Romam
864 1780 1126 1818 advehebantur,
1140 1788 1291 1820 compac-

711 1834 781 1857 tum
814 1834 869 1858 aut
901 1834 1126 1858 sustentatum.
1152 1827 1288 1864 Plinius,

711 1876 812 1914 XIII,
841 1876 902 1913 30,
929 1875 1190 1916 Theophrastum
1215 1874 1293 1904 citat

706 1922 763 1962 qui
778 1933 932 1964 magnum
955 1924 1070 1953 Romae
1087 1921 1166 1952 huic
1182 1921 1292 1952 arbori

707 1968 748 1998 ab
764 1980 850 2000 anno
861 1971 902 2000 U.
919 1969 956 2001 C.
970 1967 1054 2007 440⁰
1066 1969 1226 2000 honorem
1239 1969 1291 1999 ha-

704 2015 810 2047 bitum
825 2016 956 2055 tribuit,
975 2023 1230 2057 memoratasque
1244 2026 1293 2046 re-

702 2062 764 2094 fert
794 2075 836 2095 ex
856 2062 894 2094 eit
919 2065 1114 2106 templorum
1141 2070 1290 2094 veterum

703 2112 974 2153 contignationes;
984 2113 1042 2154 qui
1055 2111 1148 2142 locus
1165 2110 1203 2141 ad
1220 2120 1288 2141 rem

703 2158 849 2200 apprime
869 2158 955 2190 facit.

752 2205 784 2237 6.
801 2204 876 2236 Illic
889 2205 1038 2247 plurima
1058 2204 1188 2235 naribus
1211 2205 1279 2234 Du-

701 2262 753 2283 ces
766 2251 860 2284 thura
881 2264 892 2283 .·
907 2254 942 2284 in
961 2252 1025 2284 fide
1042 2259 1108 2284 erat
1124 2251 1210 2294 apud
1224 2261 1279 2281 ve-
