1422 2528
109 130 172 169 176

475 133 517 172 Q.
542 131 726 163 nomm
749 131 903 166 FLACCI

109 196 255 233 Contra
268 203 469 241 mercator,
489 208 625 233 navem
642 195 877 246 jactantibus
891 195 1041 234 Austris
1058 210 1067 233 :

112 272 126 289 a
145 254 283 293 Militia
302 263 358 293 est
376 254 516 306 potior.
532 255 635 303 Quid
649 253 772 293 enim?
789 256 1050 303 concurritur3
1065 255 1171 293 horae

113 333 129 350 »
145 318 342 353 Memento
361 317 435 353 cita
454 328 557 354 mors
575 316 697 363 venit,
717 324 784 353 aut
798 315 962 370 victoria
978 315 1075 354 laeta.
1091 331 1125 350 ».

112 376 329 426 Agricolam
342 375 582 426 laudatjuris
600 376 804 426 legumque
823 377 991 428 peritus,

113 434 195 474 Sub
214 435 428 486 gallicantu
445 434 460 459 3
478 435 672 473 consultor
685 434 753 473 ubi
769 436 865 474 ostia
878 436 1016 487 pulsat.
1272 449 1304 466 ιο

114 495 201 543 Ille,
220 495 317 533 datis
335 494 516 542 vadibus,
535 495 602 545 qui
621 507 711 533 rure
732 504 924 533 extractus
942 495 982 532 iu
1003 492 1139 532 urbem
1151 500 1224 539 est,

116 555 224 594 Solos
242 556 368 594 felices
386 556 560 594 viventes
580 556 716 594 clamat
733 555 774 593 in
794 555 902 595 urbe.

117 617 263 655 Caetera
281 616 328 654 de
347 629 484 668 genere
501 616 593 663 hoc,
613 615 710 654 adeo
729 625 818 654 sunt
834 617 974 664 multa,
991 616 1192 667 loquacem

114 676 314 714 Delassare
333 676 459 714 valent
472 675 646 714 Fabium.
666 678 724 714 Ne
740 684 776 714 te
792 689 933 724 morer,
953 675 1044 714 audi

118 734 206 783 Quo
224 748 305 774 rem
319 735 504 773 deducam
521 735 547 772 4,
570 734 611 774 Si
625 735 710 786 quis
729 738 853 785 Deus,
875 738 960 774 «En
979 748 1069 787 ego,
1084 734 1202 781 dicat,
1274 741 1304 766 1⁵

118 921 226 952 labore
238 929 250 951 .·
263 926 328 951 tota
344 921 509 951 sententiae
524 922 571 951 vis
583 921 616 951 in
629 919 687 951 illo

118 967 288 1005 adverbio,
298 966 371 1008 jlzm
381 979 395 1004 ;
416 967 505 998 miles
520 968 610 998 senio
620 968 687 1008 qui-

119 1014 192 1045 dem
215 1013 378 1044 confectus
389 1035 397 1051 ,
426 1013 482 1044 sed
511 1013 600 1054 Ῐὰιη,
632 1012 687 1043 sed

119 1059 242 1092 dudum
262 1067 294 1091 et
309 1060 381 1091 ante
404 1066 548 1101 tempus,
572 1059 687 1090 milita-

118 1107 208 1138 ribus
233 1105 398 1137 laboribus
422 1116 532 1138 senex.
551 1123 599 1130 -
616 1105 687 1136 Na-

119 1164 186 1184 vem
189 1152 390 1195 jactantibus
399 1151 525 1183 Austris
531 1163 542 1182 .·
553 1153 687 1182 circum-

117 1200 267 1232 stantiam
278 1199 381 1241 signat
393 1199 427 1229 in
443 1197 506 1239 quai
519 1204 688 1237 mercator,

120 1246 248 1277 aliunde
265 1246 350 1288 pacis
362 1245 607 1284 amantissimus,
622 1255 689 1275 sor-

120 1300 185 1325 tem
199 1303 290 1324 suam
308 1292 417 1322 militis
431 1292 509 1321 sorti
520 1292 593 1330 jure
605 1296 691 1332 post-

121 1350 241 1382 ponere
272 1345 430 1369 censetur.
462 1337 576 1368 Militis
605 1338 690 1368 enim

121 1396 290 1428 magnum,
313 1385 368 1415 sed
386 1384 483 1415 breve
497 1384 690 1425 periculum,

123 1431 201 1463 dum
217 1433 234 1463 e
256 1430 368 1463 contra
389 1430 560 1461 horrendae
580 1433 691 1462 mortis

122 1478 275 1521 praeludia
297 1488 355 1520 per
376 1476 496 1508 multos
517 1476 584 1507 dies
608 1488 691 1508 non-

122 1524 291 1567 nunquam
325 1530 431 1554 nautae
465 1525 687 1564 experiuntur.

123 1571 291 1602 —Militia
302 1569 473 1611 eupolim-‚-
490 1569 571 1611 quid
580 1570 688 1601 enim?

123 1617 319 1649 concurritur
340 1615 359 1646 :³
371 1616 499 1646 doctam
532 1617 689 1647 membro-

123 1675 196 1695 rum
216 1664 278 1694 sibi
302 1662 498 1704 rapidissime
518 1662 688 1694 succeden-

123 1712 204 1742 tium
212 1710 473 1748 concinnitatem,
481 1716 513 1740 et
521 1721 588 1741 rem
598 1710 689 1751 quasi

124 1757 227 1789 oculis
238 1757 413 1796 subjectam
422 1779 431 1794 ,
446 1756 626 1799 vividisque
640 1766 692 1786 co-

120 1804 246 1835 loribus
267 1812 448 1844 expressam
473 1813 542 1834 non
560 1812 691 1844 possum

124 1850 203 1892 quin
220 1849 418 1882 admoneam.
443 1866 488 1873 ——-
516 1848 587 1880 Oica
610 1859 692 1879 mors

124 1896 218 1927 venie
242 1904 302 1927 auc
323 1894 462 1927 victoria
481 1895 558 1927 Iaeca
576 1907 588 1926 :
604 1895 694 1926 dissi-

123 1942 224 1974 mulat
248 1942 310 1974 sibi
325 1943 389 1984 ipsi
408 1941 548 1974 illudens
569 1951 687 1972 merca-

124 1995 176 2020 tor
192 1989 362 2020 innumera
376 1989 496 2019 militiae
515 1983 690 2023 inc-mo-

125 2034 165 2066 da
175 2057 184 2073 ,
196 2035 348 2066 itinerum
364 2035 535 2077 longorum
545 2035 670 2066 labores
679 2056 688 2072 ,

126 2081 267 2123 vigilias,
292 2082 357 2112 cibi
376 2079 535 2123 ponisque
557 2081 692 2123 parcita-

127 2134 206 2166 tem,
220 2127 370 2165 vulnera,
383 2129 597 2169 captivitatem
606 2150 615 2166 ,
629 2134 691 2158 etc.

176 2175 208 2206 3.
241 2174 305 2204 Sub
333 2174 420 2216 galli
443 2182 540 2205 cantu
565 2185 578 2205 :
609 2184 693 2204 eam-

127 2218 199 2252 dem
213 2220 476 2253 cousuetudinem
490 2227 581 2252 notat
590 2218 672 2252 infra
683 2241 693 2259 ,

739 922 840 962 Epist.
854 922 902 957 11,
922 930 950 957 1,
976 919 1109 950 103.--
1123 915 1309 949 Com-ultor:

740 968 851 998 cliens.
869 984 916 990 —
937 965 1016 1003 Ille,
1042 963 1126 995 datis
1140 962 1280 994 vadibus
1297 974 1309 993 .-

739 1024 815 1050 vas,
831 1014 866 1044 in
881 1012 997 1055 plurali
1018 1011 1137 1047 vades,
1162 1009 1309 1052 intelligi-

739 1067 792 1090 tur
816 1059 856 1090 de
879 1070 917 1090 eo
943 1059 999 1099 qui
1013 1068 1073 1099 pro
1089 1057 1151 1087 alio
1168 1063 1309 1098 spopon-

741 1106 800 1138 dit.
831 1106 916 1147 Ergo
950 1104 1003 1135 hic
1032 1113 1100 1135 non
1130 1103 1233 1144 agitur
1267 1101 1307 1133 de

740 1151 878 1183 ruricola
889 1152 964 1192 qui,
979 1159 1165 1191 sponsorem
1181 1158 1213 1178 se
1226 1158 1308 1189 prae-

739 1198 853 1229 stando
864 1221 872 1236 ‚
883 1207 974 1239 agros
989 1196 1169 1237 relinquere
1184 1194 1310 1236 cogitur

741 1252 779 1276 nt
804 1244 1010 1286 sponsionem
1027 1241 1045 1272 ὲ
1071 1252 1104 1272 se
1127 1241 1232 1272 datam
1253 1250 1310 1270 ex·

741 1291 862 1329 solvat,
890 1289 947 1320 sed
980 1289 997 1320 ὲ
1021 1286 1132 1320 contra
1156 1286 1197 1318 de
1226 1286 1309 1317 ruris

741 1338 919 1369 habitatore
941 1336 1015 1377 qui,
1036 1335 1094 1366 lite
1115 1333 1308 1375 implicitus,

743 1384 776 1414 in
786 1384 894 1414 urbem
909 1388 1071 1414 extractus
1088 1387 1138 1411 est
1155 1386 1193 1410 ut
1210 1378 1308 1410 fidem

742 1431 804 1462 sihi
817 1430 835 1461 a
849 1429 1014 1461 benevolis
1027 1425 1236 1470 sponsoribus
1249 1425 1308 1457 ob-

742 1478 870 1520 ligatam
886 1476 1018 1514 liberet‚
1031 1473 1253 1515 semetipsum,
1271 1478 1308 1502 ut

741 1524 851 1561 decet,
874 1521 982 1553 coram
999 1519 1233 1562 magistratibus
1254 1518 1309 1549 sis·

741 1570 851 1602 tendo.
869 1570 902 1601 Si
917 1568 994 1600 vero
1007 1566 1122 1598 urbem
1134 1564 1306 1602 incoleret,

741 1616 844 1647 multo
865 1615 984 1646 minori
1004 1611 1212 1644 incommodo
1231 1621 1309 1653 prae-

741 1670 843 1694 torem
870 1661 957 1692 adire
981 1666 1099 1702 posset.
1121 1675 1170 1683 —-·
1179 1659 1309 1702 pequa-

740 1720 809 1741 cem
826 1707 959 1740 Fabium
976 1718 988 1738 .-
1006 1707 1179 1738 clamosum
1198 1714 1308 1745 qnem-

741 1756 815 1788 dam
844 1754 1060 1791 causidicum,
1089 1750 1170 1782 mala
1197 1750 1310 1781 dimci-

743 1810 806 1834 tate
824 1808 955 1839 notum,
981 1801 1101 1842 quique
1115 1807 1176 1830 nec
1192 1797 1307 1828 Maece·

743 1850 825 1886 nati,
840 1858 900 1878 nec
911 1847 974 1889 ipsi
987 1847 1135 1887 Augusto
1152 1852 1286 1885 parcens
1297 1865 1307 1881 ,

744 1897 780 1927 in
792 1895 919 1925 Horatii
928 1899 1136 1936 patronorum
1153 1889 1307 1921 offensam

738 1947 879 1974 venerat.

788 1994 821 2025 4.
845 1985 937 2018 Audi
959 1984 1028 2027 ριιό
1044 1993 1111 2014 rem
1125 1981 1280 2013 deducam
1293 1992 1306 2012 .-

739 2034 868 2066 lectoris
876 2033 1084 2064 attentionem
1092 2029 1219 2066 excitat,
1230 2028 1308 2059 mox

743 2081 1015 2112 demonstraturus
1025 2087 1092 2107 non
1105 2074 1191 2106 certa
1203 2073 1309 2116 aliqua

743 2127 882 2164 ratione,
907 2125 966 2156 sed
990 2122 1181 2154 morositatis
1200 2128 1233 2152 et
1257 2121 1307 2151 in-

745 2172 929 2204 constantiae
947 2171 1026 2201 vitio
1048 2167 1135 2207 fieri,
1160 2173 1197 2197 ut
1213 2176 1308 2198 nemo

745 2219 812 2251 fere
827 2217 1035 2261 praesentibus
1058 2215 1247 2257 acquiescat.
1263 2229 1311 2237 -
