1422 2528
181 15 185 20 ,
219 0 235 8 ¹·
258 0 372 19 1‘*·¹=··:‹

60 39 86 49 .V⁸
111 24 129 40 r
201 34 210 46 vv

542 146 625 178 Lm.
649 147 679 177 V
704 145 792 177 ODE
816 145 909 176 XIV.

1272 143 1336 175 155

229 203 306 242 Sed
327 204 496 242 tardiora
517 205 593 243 sata
615 212 652 242 te
665 203 767 242 votis
786 210 961 247 manent;

229 267 386 316 Ingrata
407 266 547 304 misero
568 266 649 303 vita
663 264 839 302 ducenda
857 270 934 310 est,
952 263 991 300 iu
1010 262 1085 300 hoc
1097 291 1107 310 ,

227 327 349 365 Novis
369 336 411 365 ut
429 327 551 378 usque
571 335 754 377 suppetas
779 324 994 363 doloribus.

229 389 351 437 Optat
367 388 537 438 quietem
558 387 709 438 Pelopis
729 386 871 424 infidus
886 395 997 437 pater
1016 385 1064 433 ¹⁴,
1299 393 1334 418 ⁶5

228 449 353 498 Egens
371 447 547 499 benignae
562 449 746 486 Tantalus
759 448 912 499 semper
926 447 1036 498 dapis
1045 461 1056 493 ;

229 511 351 561 Optat
371 510 624 548 Prometheus
647 508 841 560 obligatus
858 509 958 556 aliti3

226 573 347 622 Optat
366 583 549 622 supremo
569 571 763 609 collocare
777 569 966 621 Sisyphus

226 633 270 668 In
292 640 424 669 monte
440 645 575 670 saxum
590 647 600 679 3
617 632 685 670 sed
701 639 834 669 vetant
851 632 954 682 leges
969 634 989 670 J
993 631 1088 669 ovis.

224 693 341 731 Voles
357 691 474 731 modo
494 693 580 731 altis
596 692 752 732 desilire
771 692 947 730 turribus
962 690 1009 739 ¹5,
1295 709 1328 735 7·

225 752 348 792 Modo
368 768 459 792 ense
476 763 614 806 pectus
636 754 783 792 Norico
799 753 1019 801 recludere3

221 817 459 867 Frustriique
478 817 605 854 vincla
618 815 766 866 gutturi
785 823 915 853 nectes
933 823 1020 862 tuo,

222 877 436 915 Fastidiosfi
451 877 570 915 tristis
583 876 820 927 aegrimonizi.

219 937 415 978 Vectabor
430 937 602 976 humeris
620 942 712 976 tunc
726 950 798 988 ego
814 937 982 976 inimicis
1001 952 1119 990 eques
1136 938 1182 987 ¹⁶,

110 1095 195 1120 artes
223 1088 361 1131 magicas
391 1098 460 1120 nou
484 1087 553 1119 sine
576 1086 691 1130 magnai

111 1135 259 1168 mercede
275 1135 361 1178 apud
382 1146 462 1166 anus
475 1135 621 1178 Pelignus
646 1135 691 1166 di—

112 1183 248 1222 dicisse,
283 1190 338 1214 aut
366 1183 535 1224 praesentia
565 1193 690 1213 venena

110 1231 294 1262 miscuisse?
315 1229 377 1262 Sed
400 1241 468 1262 non
488 1229 614 1261 inultus
633 1230 690 1261 ab·

109 1277 190 1316 ibis3
216 1278 283 1309 imo
315 1277 378 1308 fata
405 1277 564 1315 tardiora,
589 1277 686 1319 quium

109 1331 201 1367 optas
247 1332 280 1356 te
325 1332 478 1362 manent;
513 1323 589 1355 nem
623 1326 688 1356 vita

107 1370 203 1414 longa
224 1378 256 1403 et
267 1373 382 1403 misera
401 1371 554 1404 trahenda
569 1371 629 1403 tibi
641 1379 689 1403 est

107 1429 149 1450 eo
169 1417 236 1451 fine
247 1442 256 1458 ‚
274 1427 311 1450 ut
327 1419 454 1461 semper
476 1419 571 1450 novis
595 1418 686 1450 suffi-

108 1466 172 1497 cias
188 1466 379 1506 doloribus,
395 1466 428 1497 h.
453 1477 481 1498 e.
507 1467 587 1497 novi
608 1477 687 1498 sem-

106 1513 165 1554 per
188 1519 219 1545 te
237 1513 366 1546 dolores
387 1514 562 1555 excipiant.
593 1516 687 1544 Anus

107 1559 226 1599 autem,
241 1561 275 1592 h.
286 1572 314 1592 e.
328 1563 433 1604 Sagae,
446 1561 600 1602 Pelignus
612 1560 688 1592 ideo

107 1613 220 1660 uetat,
242 1607 331 1650 quod
354 1609 479 1658 Peligni
499 1609 616 1639 Marsis
641 1609 687 1639 vi-

107 1654 175 1685 oini
188 1661 296 1693 erant,
318 1656 356 1686 in
375 1663 443 1687 arte
459 1653 622 1694 venefica,
647 1662 685 1686 ut

106 1700 146 1731 de
169 1701 304 1734 Sabellis
336 1702 498 1735 multoties
522 1702 682 1741 diximus,

108 1749 374 1782 exercitatissimi.

157 1802 210 1833 ¹4.
221 1796 351 1838 Pelopis
367 1796 486 1840 infidus
494 1803 595 1838 pater
611 1807 623 1826 .·
634 1797 683 1828 in-

104 1840 208 1874 fidum
221 1843 299 1878 dicit
313 1844 496 1883 Tantalum,
513 1844 590 1886 quia
607 1842 681 1874 cum

104 1890 274 1922 interesset
302 1892 462 1922 conviviis
499 1891 612 1928 Jovis,
652 1897 684 1922 et

102 1945 284 1970 versaretur
291 1938 356 1969 unzi
365 1938 573 1976 familiariter,
581 1937 683 1969 multa

101 1983 271 2026 perperam
291 1985 462 2023 effutierit,
482 1996 555 2027 quae
576 1992 683 2016 tacen—

101 2030 144 2062 da
157 2039 259 2064 eraut.
276 2034 444 2075 -Egens
459 2032 612 2075 benignoe
624 2032 682 2063 da·

95 2076 149 2117 pis
181 2090 194 2109 .-
220 2081 365 2111 esurieus
395 2081 480 2114 iuter
507 2080 680 2121 exquisitas

99 2123 197 2166 dapes
222 2126 295 2158 ame
323 2127 426 2168 ipsius
454 2126 569 2158 oculos
591 2124 679 2157 bem-

94 2171 180 2213 gne‚
203 2171 237 2204 h.
258 2184 286 2205 e.
305 2174 434 2216 copiose
452 2175 680 2215 appositas.—

99 2218 200 2259 Optae
213 2230 225 2249 :
236 2219 285 2250 ter
300 2222 456 2262 repetitur
472 2232 539 2252 vox
556 2221 610 2251 illa
625 2231 680 2263 op-

96 2272 157 2303 tat,
174 2273 211 2297 ut
229 2267 370 2299 vividius
393 2266 511 2300 sentiit
524 2269 679 2300 Horatius

745 1088 863 1129 quietis
886 1087 974 1118 illius
998 1087 1224 1125 dulcedinem,
1254 1098 1328 1130 quae

745 1144 870 1166 summa
889 1142 1044 1166 votorum
1060 1136 1184 1166 miseris
1200 1135 1326 1177 semper

744 1182 806 1213 fuit
814 1205 823 1222 ,
848 1180 977 1223 quique
1001 1183 1071 1224 ipse
1091 1185 1243 1214 Tartarea
1264 1189 1329 1213 tor-

743 1237 851 1260 menta
878 1230 956 1260 mox
976 1229 1164 1269 subiturus,
1187 1229 1323 1272 semper,

743 1277 789 1308 sic
800 1276 937 1317 jubente
950 1276 1084 1309 Canidia
1095 1300 1104 1315 ‚
1119 1277 1252 1310 carebit.
1275 1279 1324 1309 De

743 1324 937 1356 Prometheo
951 1332 982 1356 et
997 1326 1066 1364 ejus
1081 1325 1242 1366 supplicio
1250 1325 1325 1357 vide

742 1372 858 1414 suprii,
876 1372 941 1404 Od.
959 1374 995 1410 1,
1013 1373 1051 1411 3,
1068 1372 1110 1402 28
1124 1394 1133 1409 ,
1149 1378 1182 1402 et
1198 1379 1321 1404 notam.

741 1420 818 1451 Non
840 1417 948 1450 miuus
969 1419 1098 1462 vulgata
1121 1419 1162 1450 de
1183 1420 1323 1462 Sisypho

741 1466 867 1506 fabula,
890 1466 930 1497 de
955 1477 1021 1508 quo
1034 1466 1100 1506 jaim
1123 1465 1239 1508 suprzi,
1257 1467 1320 1500 Od.

742 1514 792 1552 11,
811 1520 870 1552 xl„
889 1524 944 1545 20.
966 1514 1107 1545 Consule
1126 1521 1248 1546 notam.

792 1562 845 1593 15.
866 1561 962 1592 Voles
981 1561 1078 1592 modi>
1096 1560 1173 1592 altis
1191 1561 1321 1593 desilire

739 1608 877 1639 turribus
892 1620 904 1639 .·
922 1608 968 1638 sic
985 1615 1163 1647 cpuuecte3
1185 1616 1220 1639 tu
1239 1620 1319 1650 quo-

738 1666 802 1697 que
812 1679 822 1695 ‚
837 1656 962 1695 Horati,
979 1667 1045 1687 non
1061 1654 1169 1687 minus
1187 1656 1300 1687 infelix
1311 1680 1319 1691 ,

738 1713 806 1733 non
830 1703 1010 1734 levioribus
1027 1703 1195 1745 suppliciis
1212 1703 1319 1735 addic-

736 1757 807 1789 tus,
840 1750 939 1792 quim
974 1750 1149 1789 Tantalus,
1190 1753 1317 1782 Prome-

736 1796 831 1829 theus
847 1805 877 1828 et
900 1797 1076 1840 Sisyphus»,
1095 1796 1236 1839 quietem
1259 1809 1316 1840 op·

736 1844 837 1881 tabis,
858 1851 890 1876 et
913 1850 963 1882 te,
986 1845 1039 1875 vel
1061 1845 1133 1886 ipso
1147 1846 1222 1876 vitae
1237 1856 1310 1887 pre-

737 1892 802 1930 tio,
825 1891 844 1923 ἒι
859 1892 924 1923 tuis
945 1891 1130 1929 doloribus,
1155 1892 1315 1923 redimere

737 1940 866 1980 cupies3
885 1946 953 1969 arte
973 1938 1044 1970 mes
1067 1939 1183 1971 vetabo
1197 1950 1238 1970 ne
1255 1940 1314 1970 tibi

738 1985 805 2016 ulla
819 1988 932 2017 mortis
946 1988 997 2017 via
1016 1992 1134 2028 pateat.
1153 1987 1253 2018 Vives
1266 1988 1314 2018 iu-

735 2034 841 2072 vhus,
864 2035 954 2064 vives
973 2041 1011 2064 ut
1030 2033 1187 2064 ultionem
1209 2045 1312 2065 meam

734 2078 858 2112 diutius
870 2082 1058 2122 experiaris.
1072 2098 1121 2104 —-
1130 2081 1251 2112 Norico
1262 2092 1315 2112 en-

732 2137 767 2158 se
781 2127 875 2158 :vide
889 2127 987 2170 supr&
999 2150 1008 2166 ,
1023 2127 1087 2160 Od.
1105 2129 1138 2166 1,
1158 2129 1199 2159 16
1210 2151 1219 2166 ‚
1231 2139 1312 2169 9.—

732 2171 916 2206 Fastidiosd
931 2174 1028 2206 tristis
1039 2173 1231 2218 oegrimonid
1239 2187 1249 2206 :
1258 2175 1314 2206 do-

732 2221 859 2252 loribus
867 2223 941 2253 vitae
949 2221 1080 2253 taedium
1089 2221 1312 2253 afferentibus.

787 2269 839 2301 16.
878 2270 910 2298 V
908 2269 1041 2301 ectabor
1076 2279 1174 2311 eques
1201 2281 1212 2299 .·
1232 2269 1290 2300 tibi
1303 2292 1312 2306 ‚
