1422 2528
543 113 624 145 Lm.
648 113 680 142 V
703 111 793 142 ODE
817 112 860 142 V.

1268 121 1310 151 97

312 189 328 206 υ
345 174 486 210 Terras
514 181 552 210 et
567 170 779 208 humanum
799 171 935 219 genus!

206 249 222 266 u
242 232 348 279 Quid
364 233 437 270 iste
453 233 528 271 fert
545 230 756 270 tumultus?
775 237 842 266 aut
861 226 956 278 quid
979 227 1152 266 omnium

313 309 330 326 »
346 294 486 331 Vultus
505 292 546 329 in
561 303 680 329 unum
701 303 762 327 me
781 291 924 326 truces!

205 369 221 385 »
238 355 312 390 Per
332 352 476 391 liberos
496 361 533 391 te
551 360 566 375 ²
580 380 591 398 ‚
610 352 643 389 si
663 358 799 388 vocata
819 349 1009 401 partubus
1297 360 1310 384 ⁵

310 428 326 445 n
346 413 494 450 Lucina
511 411 613 449 veris
633 410 760 458 affuit,

205 487 220 504 n
234 474 309 509 Per
323 471 398 509 hoc
414 472 527 509 inane
545 483 730 521 purpurae
749 469 866 506 decus
885 481 1037 520 precor,

311 548 328 564 »
346 535 419 570 Per
434 530 748 583 improbaturum
767 529 849 567 haec
865 534 1017 575 Jovem,

207 607 222 623 υ
242 591 346 639 Quid
365 599 408 629 ut
427 604 598 630 noverca
617 604 680 629 me
698 590 883 637 intueris,
899 600 966 628 aut
987 588 1044 628 uti

98 782 173 803 uem
203 771 382 812 aptissima,
415 776 454 800 ut
475 770 512 801 iu
534 769 592 800 illo
604 770 677 801 Vir-

97 818 217 861 giliano
229 840 238 856 ,
257 816 383 849 AEneid.
401 818 434 848 ΙΙ
449 826 458 848 :
475 818 524 847 At
541 816 600 847 tibi
611 827 673 857 pro

96 865 234 901 scelere,
259 863 448 901 exclamat,
468 874 532 904 pro
556 863 676 894 talibus

99 910 202 950 ausis,
220 909 288 948 Di,
310 909 339 939 si
352 921 419 950 qua
443 917 491 940 est
510 911 591 941 coelo
606 910 678 951 pie-

99 966 151 989 tas
159 981 172 995 ,
187 967 261 999 quae
271 956 353 987 talia
369 964 475 995 curet,
487 957 678 988 Persolvant

93 1011 207 1048 grates
216 1003 346 1046 dignas.
358 1021 404 1027 —
417 1003 583 1045 Quidquid
590 1005 677 1033 Deo-

95 1062 167 1082 rum
181 1062 193 1080 .·
219 1049 296 1081 noui
319 1049 496 1092 elegantia,
516 1061 595 1091 pro,
614 1060 679 1091 per

96 1108 210 1130 omnes
227 1097 323 1133 deos,
340 1107 422 1139 quos
442 1097 583 1138 imploro
594 1119 603 1134 ,
619 1097 679 1138 qui

95 1144 198 1182 mihi,
215 1150 254 1175 nt
275 1145 386 1186 generi
407 1143 571 1182 hnmano,
589 1144 673 1174 invi-

96 1191 196 1234 gilare
215 1190 347 1224 debent.
370 1209 419 1216 —
430 1190 519 1233 Quid
533 1190 592 1222 iste
601 1191 675 1233 fhrc

97 1238 281 1269 tumultus?
317 1246 428 1281 raptus
456 1238 523 1278 jam
546 1249 629 1279 puer
655 1236 673 1268 ὲ

98 1284 232 1318 Canidia
255 1291 288 1316 et
315 1287 384 1326 ejus
405 1286 562 1317 ministris
582 1286 674 1315 mira·

98 1338 163 1370 tur,
175 1342 245 1363 non
258 1333 329 1363 siue
349 1333 473 1364 crudeli
495 1333 669 1370 anxietate,

96 1377 177 1420 quid
190 1378 254 1410 sibi
269 1379 346 1411 velit
358 1381 531 1411 mulierum
544 1379 675 1410 illarum

64 1460 74 1471 ·
98 1435 276 1457 concursus
308 1434 340 1457 et
369 1427 561 1468 trepidatio,
594 1425 676 1467 quid

98 1479 200 1503 tmces
214 1472 248 1503 in
261 1483 296 1503 se
311 1484 414 1504 nuum
433 1473 533 1504 oculi.

146 1529 179 1551 α.
193 1520 260 1550 Per
277 1519 392 1550 Hberos
412 1527 444 1550 te
454 1531 465 1550 .·
482 1520 565 1552 bene
592 1529 671 1561 pne-

96 1575 171 1597 mm
196 1565 319 1597 doloris
343 1577 440 1607 quern
462 1567 479 1597 ὸ
495 1577 556 1597 suo
574 1567 673 1597 inter-

94 1613 146 1643 itu
181 1619 332 1654 parentes
378 1614 561 1655 suscepturi
595 1620 674 1643 sunt

96 1658 187 1691 subit
207 1659 408 1698 recordat1'03
434 1661 542 1702 itaque
565 1659 675 1690 obtes-

98 1711 188 1737 tatur
211 1706 376 1738 Canidiam
406 1718 465 1748 per
490 1714 673 1738 maternum

96 1754 184 1793 ejus,
205 1755 233 1784 si
255 1753 376 1784 liberos
396 1753 542 1795 uuquam
567 1752 673 1783 edide-

53 1816 56 1818 ’
95 1801 151 1838 rit,
160 1801 322 1838 animum,
336 1807 374 1830 ut
388 1807 511 1842 patrem
525 1807 672 1835 matrem-

92 1857 160 1889 que
172 1857 264 1879 suam
278 1846 297 1878 ὲ
315 1848 407 1878 luctu
426 1858 523 1888 quem
538 1848 606 1887 ipsa
623 1848 671 1877 in-

95 1895 238 1938 telligere
261 1901 368 1936 potest
386 1894 668 1926 vindjcet.—Lu-

95 1940 174 1974 cina
185 1952 197 1972 .·
208 1940 268 1972 dea
280 1952 353 1983 quae
366 1941 566 1982 parientibus
574 1951 671 1982 opem

96 1987 235 2026 serebat,
247 1987 337 2019 nnnc
358 1990 490 2025 Dianae,
509 1985 596 2018 nime
610 1989 632 2020 J
634 1998 671 2018 u-

96 2037 194 2068 nonis
217 2045 416 2076 cognomen,
439 2034 527 2076 quod
543 2041 672 2075 partum

97 2082 134 2114 in
145 2082 248 2113 lucem
274 2083 409 2113 emittat.
426 2099 473 2105 —
488 2080 578 2111 Veris
591 2091 671 2122 par·-

98 2129 188 2159 tubus
221 2139 231 2159 t
254 2129 365 2168 justis,
396 2128 566 2170 legitimis,
603 2137 673 2158 uon

96 2176 228 2209 incestis
251 2181 284 2206 et
303 2175 502 2206 adulterinis.
524 2175 674 2216 Legitimi

97 2223 187 2254 enim
200 2229 312 2264 partus
323 2223 420 2265 magis
436 2221 672 2259 amantur.Vel,

285 2277 337 2313 11.

730 771 757 800 si
770 779 845 799 vera
858 773 962 800 mater
972 779 1014 806 es,
1027 775 1139 799 messe
1151 775 1181 799 te
1196 770 1310 809 credo,

729 826 849 858 precor
863 826 924 857 pro
946 822 1005 846 tuo
1021 813 1094 856 ergit
1113 817 1264 857 proprios
1274 819 1313 848 li-

729 863 826 894 beros
843 873 951 893 amore
962 886 970 899 ,
986 870 1024 893 ut
1039 862 1169 904 alterius
1182 874 1312 906 quoque

729 909 800 941 filio
815 920 935 951 parcas.
954 909 1055 941 Recte
1071 909 1135 941 hoc
1150 910 1222 940 loco
1233 913 1313 942 Tor-

730 958 854 987 rentius
864 958 1056 997 interpretes
1066 957 1172 997 arguit
1180 967 1245 996 eos,
1255 960 1311 999 qui

731 1003 850 1033 volunt
874 1003 1055 1033 insimulari
1072 1003 1156 1033 eliam
1176 1002 1193 1032 ἒι
1208 1015 1311 1045 puero

730 1051 832 1091 ipsam
872 1049 1055 1086 Canidiam,
1087 1050 1179 1091 quasi
1218 1062 1312 1083 veros

731 1106 900 1138 nunquam
912 1103 1024 1137 partus
1034 1096 1194 1134 ediderit,
1207 1099 1311 1130 aiunt-

731 1155 794 1185 que
826 1143 936 1174 solitas
965 1143 1124 1182 ejusmodi
1150 1143 1311 1176 veneficas

726 1201 909 1233 supponere
923 1190 986 1222 sibi
999 1190 1120 1221 liberos
1135 1197 1166 1221 et
1179 1199 1308 1232 partum

726 1237 892 1274 simulare,
909 1246 947 1269 ut
960 1237 1098 1267 infantes
1113 1237 1245 1269 aliunde
1259 1239 1312 1269 ab·

727 1292 836 1326 reptos
861 1284 945 1316 alere
967 1284 1055 1315 domi
1073 1285 1208 1325 impune
1232 1297 1308 1327 pos-

727 1338 798 1363 sent
808 1354 816 1369 ,
841 1342 925 1372 quos
952 1332 1031 1362 diris
1062 1330 1173 1372 postea
1203 1332 1309 1364 modis

727 1385 975 1416 necarent;non
992 1385 1039 1409 est
1055 1379 1142 1408 enim
1155 1379 1310 1411 credibile

728 1436 866 1468 puerum
894 1425 928 1455 id
949 1425 1016 1463 illi,
1046 1426 1139 1464 cujus
1159 1426 1309 1467 captabat

730 1472 983 1503 misericordiam
996 1495 1005 1509 ‚
1048 1472 1206 1510 objecisse
1240 1484 1308 1515 quo

723 1520 844 1550 irritari
859 1521 975 1550 meriti)
985 1541 994 1556 ‚
1006 1525 1037 1548 et
1052 1518 1174 1549 offendi
1187 1527 1306 1561 posset.

725 1568 869 1598 JUVENC.
886 1584 934 1590 —-
952 1569 1060 1596 Inane
1075 1576 1227 1607 purpurae
1249 1567 1306 1598 de-

727 1624 782 1643 cus
796 1623 808 1643 :
816 1620 1006 1654 praetextam
1022 1612 1109 1644 illam
1118 1635 1126 1650 ‚
1145 1615 1305 1654 pueritiae,

727 1661 923 1691 innocentiae
935 1659 1035 1702 igitur
1049 1667 1082 1690 et
1098 1660 1230 1691 aliunde
1245 1660 1306 1692 ho-

726 1714 826 1738 nestae
842 1707 1040 1738 conditionis
1056 1706 1215 1745 indicem
1232 1718 1306 1748 quae

725 1755 832 1785 omnia
842 1754 986 1785 Canidiae
994 1754 1232 1784 miserationem
1239 1764 1307 1785 mo·
1331 1792 1337 1795 ἢ

724 1811 800 1831 vere
825 1800 1025 1832 debuissent.
1060 1802 1170 1830 Inane
1194 1801 1303 1833 autem

722 1847 806 1878 illud
822 1847 939 1884 decus,
957 1848 990 1878 h.
1011 1859 1039 1879 e.
1054 1846 1136 1878 nihil
1155 1847 1236 1878 mihi
1250 1859 1304 1889 pe-

722 1894 827 1924 rituro
850 1894 1071 1936 profuturum.
1092 1911 1138 1917 —
1162 1896 1229 1924 Per
1244 1894 1306 1926 im·

719 1940 929 1982 probaturum
959 1941 1029 1972 haec
1053 1943 1165 1971 Iovem
1183 1952 1194 1971 .·
1214 1948 1302 1973 tanta

724 1995 888 2019 momenta
905 1989 1050 2019 maximo
1065 1994 1098 2017 et
1115 1986 1303 2028 potentissi-

724 2045 779 2065 mo
795 2035 962 2077 religionis
973 2041 1140 2066 momento
1156 2035 1306 2067 cumulat

724 2082 888 2123 ingennus
919 2093 1019 2123 puer,
1061 2092 1128 2123 prae
1164 2082 1304 2113 candore

724 2129 854 2170 ignarus
874 2128 973 2170 quam
995 2130 1087 2171 parvi
1107 2128 1267 2170 pendatur
1286 2129 1302 2159 εὶ

726 2175 866 2207 scelestis
878 2175 1014 2206 deornm
1026 2175 1134 2207 cultus
1142 2182 1175 2206 et
1194 2177 1305 2206 timor.

726 2239 773 2246 --
791 2224 834 2253 Ut
850 2233 987 2254 noverca
1005 2234 1018 2253 .·
1045 2233 1105 2264 per
1128 2223 1304 2264 oppositio-

1123 2287 1148 2323 9
