1422 2528
514 153 592 184 mn.
617 151 666 183 xv
689 151 779 183 ODE
802 151 864 183 x1.
1196 127 1198 129 ’
1259 148 1302 180 55

195 215 392 265 Cursitant
410 213 541 252 mixtae
556 212 688 265 pueris
705 212 868 263 puellae;
1274 226 1305 243 ιο

197 275 408 315 Sordidum
424 274 587 313 flammae
608 273 806 326 trepidant
825 280 999 312 rotantes

410 336 565 373 Vertice
585 330 748 373 ffinum.

198 400 251 436 Ut
268 396 394 435 tamen
409 397 514 434 noris
533 395 675 447 quibus
692 395 892 434 advoceris

201 457 361 498 Gaudiis
379 457 414 506 4,
435 457 528 496 Idus
547 456 621 494 tibi
637 466 727 495 sunt
742 456 920 508 agendae,

204 521 281 568 Qui
298 520 378 559 dies
398 532 568 558 mensem
586 518 748 557 Veneris
769 518 927 556 marinae
1282 524 1311 550 ¹5

413 580 543 619 Findit
561 580 756 632 Aprilem,

203 645 296 680 Jure
315 642 494 680 solemnis
511 641 627 688 mihi,
644 641 892 691 sanctiorque

204 704 314 742 Paene
328 703 445 741 natali
463 702 623 754 proprio
635 732 645 749 ,
664 701 768 753 quod
790 716 838 741 ex
855 702 930 740 hac

131 800 152 814 ,
204 767 308 803 Luce
326 767 520 803 Moecenas
536 777 644 802 meus
664 764 867 802 affluentes

192 822 194 825 ’
421 825 587 864 Ordinat
600 837 732 863 annos.
1287 840 1319 858 ,ο

101 1000 197 1034 turba
208 997 398 1042 apparandis
411 999 514 1041 epulis
533 999 682 1031 alacriter

100 1049 288 1091 accingitur.
312 1065 361 1071 —
388 1046 552 1083 Cat-sitam
578 1058 590 1078 .·
622 1047 683 1078 ob-

100 1103 192 1127 serva
206 1093 304 1138 quam
313 1093 464 1137 graphice
476 1105 535 1136 per
546 1093 682 1126 verbum

101 1143 186 1174 illud
213 1142 491 1184 frequentativum
520 1143 682 1184 exprima-

102 1196 156 1221 tur
180 1197 290 1221 motus
304 1196 336 1221 et
355 1188 544 1231 trepidatio,
558 1199 632 1231 qnae
646 1189 683 1220 in

103 1238 211 1280 magni
232 1237 408 1277 cujuslibet
428 1236 502 1267 festi
518 1235 683 1278 praeludiis

104 1284 231 1326 semper
251 1283 529 1316 animadvertitur.
544 1300 593 1309 --
609 1285 684 1314 Sor-

105 1330 218 1363 didam
217 1331 374 1376 flammae
387 1331 553 1373 trepidant
572 1338 686 1362 rotan-

108 1386 156 1410 tes
166 1380 199 1409 V
195 1378 292 1410 ercice
290 1379 424 1422 sumum
439 1390 451 1409 .-
458 1378 612 1423 flammae
623 1386 686 1410 tre-

106 1425 237 1468 pidant,
246 1426 280 1458 h.
290 1437 318 1458 e.
331 1427 500 1457 celerrimo
514 1433 607 1457 motu
621 1427 686 1468 agi-

110 1480 230 1512 tantur,
237 1473 352 1516 magnai
362 1474 526 1515 lignorum
538 1474 687 1516 congerie

110 1522 278 1560 excitatae3
295 1527 438 1551 rotantes
450 1543 459 1558 ‚
473 1520 506 1552 h.
520 1531 548 1551 e.
562 1527 690 1563 agentes

112 1568 148 1598 in
165 1568 331 1599 turbinem
339 1565 487 1609 ‚fumum
500 1567 666 1598 sordidum
678 1589 688 1605 ,

112 1613 147 1646 h.
157 1624 186 1646 e.
198 1615 342 1656 nigrum,
352 1614 500 1653 densum,
508 1615 568 1657 qui
581 1615 597 1646 ὲ
610 1615 688 1646 tecti

114 1662 234 1692 vertice
245 1662 282 1693 in
296 1673 387 1693 auras
405 1664 473 1692 exit
486 1669 518 1692 et
535 1661 688 1693 diffundi-

114 1715 180 1740 tur.
191 1710 243 1740 Sic
253 1720 398 1752 magnam
407 1709 530 1740 indicat
538 1709 686 1741 ciborum

114 1756 151 1788 in
161 1755 272 1787 culina
284 1755 531 1798 coquendorum
548 1758 688 1798 copiam.

161 1809 193 1840 4.
216 1803 335 1845 Quibus
348 1803 514 1835 advoceris
531 1804 669 1835 Gaudiis
678 1815 691 1835 .·

115 1849 198 1892 quid
213 1857 320 1882 tantos
340 1851 412 1882 festi
433 1851 538 1890 ilfins‚·
549 1851 588 1882 ad
603 1851 694 1893 quod

115 1895 134 1929 ὲ
148 1908 200 1929 me
213 1898 371 1936 invitaris,
389 1905 558 1940 apparatus
572 1909 692 1940 provo·

115 1951 177 1977 oet.
194 1962 243 1970 —-
262 1945 341 1977 Idus
359 1946 419 1976 cibi
437 1953 514 1976 sunt
526 1946 667 1988 agendoe
683 1957 694 1977 .·

115 1991 184 2023 dies
198 1992 321 2024 decima
343 1995 455 2035 quinta
473 1995 508 2024 in
528 1994 693 2025 mensibus

116 2039 201 2071 maio
211 2062 221 2078 ‚
237 2040 379 2080 octobri,
388 2041 470 2080 julio
481 2063 490 2079 ,
504 2050 539 2070 ac
554 2043 693 2079 marti0;

117 2086 154 2117 in
165 2087 236 2118 aliis
250 2088 357 2119 autem
370 2087 552 2126 mensibus,
571 2087 695 2119 decima

119 2135 212 2165 tertia
237 2134 313 2166 Idus
340 2142 447 2172 erant,
471 2136 518 2165 sic
539 2134 632 2166 dictae
655 2135 695 2167 ab

119 2180 252 2212 Etrusca
280 2192 360 2213 voce
381 2182 520 2221 Iduare,
536 2182 599 2213 hoe
627 2190 693 2222 est,

111 2225 261 2260 *dividere
272 2252 282 2267 ,
297 2229 373 2271 quia
399 2240 543 2261 mensem
560 2230 596 2260 in
617 2229 696 2261 duas

118 2281 223 2316 partes
252 2275 451 2309 dividebant.
485 2278 516 2309 A
539 2277 695 2310 Kalendis

735 1010 838 1042 usque
869 999 910 1030 ad
929 1000 1040 1032 Nonas
1069 998 1319 1031 intercedebant

735 1048 834 1090 vulgo
846 1046 914 1078 dies
924 1054 1076 1089 quatuor,
1092 1045 1136 1078 ita
1157 1054 1195 1078 ut
1214 1048 1321 1079 Nonae

735 1095 918 1126 inciderent
951 1096 988 1126 in
1018 1094 1105 1125 diem
1138 1095 1292 1136 quintum
1302 1117 1314 1132 ‚

734 1141 953 1185 praeterquam
983 1143 1021 1173 in
1044 1141 1211 1173 mensibus
1243 1153 1322 1184 qua·

736 1197 812 1221 tuor
820 1188 918 1232 supra
929 1190 1112 1231 memoratis
1122 1199 1131 1228 ;
1144 1190 1322 1221 intererant

736 1238 824 1268 enim
841 1238 877 1267 in
901 1237 965 1268 illis
982 1236 1146 1268 mensibus
1158 1235 1176 1268 ὲ
1199 1237 1319 1269 Kalen-

738 1285 787 1316 dis
806 1284 847 1316 ad
864 1285 976 1317 Nonas
995 1284 1063 1315 dies
1079 1295 1154 1324 sex,
1172 1290 1204 1315 et
1218 1285 1324 1317 Nonae

739 1331 951 1364 incurrebant
968 1333 1004 1363 in
1029 1332 1116 1362 diem
1135 1333 1323 1374 septimum.

738 1382 784 1412 At
808 1380 886 1411 vero
901 1378 919 1410 ἐι
934 1380 1039 1412 Nonis
1064 1378 1105 1410 ad
1135 1378 1234 1418 Idus,
1256 1379 1325 1411 die·

740 1433 816 1458 octo
834 1437 961 1468 semper
981 1426 1249 1458 numerabantur.
1266 1429 1328 1459 Ju-

741 1484 838 1505 vmm.
854 1491 903 1498 —-
924 1473 989 1515 Qui
1007 1473 1077 1504 dies
1097 1484 1242 1505 mensem
1262 1477 1324 1506 Ve-

744 1520 830 1552 neris
855 1521 992 1552 marinae
1019 1520 1129 1552 findit
1154 1521 1325 1564 Aprilem:

743 1570 802 1610 qui
841 1568 988 1599 medium
1030 1575 1170 1611 occupat
1206 1571 1326 1601 mensis

741 1616 866 1658 Aprilis
883 1617 1007 1647 Veneri
1024 1618 1220 1655 consecrati,
1237 1627 1327 1647 enm·

741 1675 806 1706 qne
818 1663 854 1694 in
862 1664 942 1694 duas
952 1670 1060 1705 partes
1070 1664 1324 1708 aequalesfindit‚

741 1710 869 1743 dividit.
882 1711 1006 1753 Aprilis
1014 1712 1137 1742 Veneri
1147 1722 1236 1742 sacer
1247 1719 1326 1751 erat,

743 1758 834 1800 qnod
842 1759 878 1789 in
884 1768 923 1789 eo
933 1769 1042 1789 mense
1049 1765 1131 1789 terra
1139 1759 1248 1789 sinum
1257 1769 1329 1801 ape-

744 1807 798 1844 rit,
813 1812 845 1836 et
859 1806 987 1836 fructus
1000 1816 1114 1846 parere
1128 1806 1257 1847 incipit.
1276 1808 1327 1838 De

746 1854 873 1884 Venere
883 1851 1014 1883 mar-ind
1024 1852 1090 1884 vid.
1099 1863 1189 1894 supr.
1199 1853 1328 1892 Od.111,

749 1900 805 1938 26,
823 1899 1133 1942 5.——·Sanct1'orque
1150 1901 1253 1931 Paene
1267 1912 1329 1932 na-

749 1947 811 1978 tali
818 1947 952 1990 pmprio
968 1958 980 1978 .·
1005 1947 1095 1978 addit
1113 1947 1176 1979 hoc
1195 1947 1328 1980 adverb.

743 1995 844 2036 poene
855 2018 865 2034 ‚
883 1994 989 2037 quod,
1008 1995 1048 2025 ad
1065 1995 1239 2037 Phylliden
1254 1997 1331 2026 seri·

750 2041 847 2081 bens,
863 2053 930 2073 sese
946 2041 1048 2073 fidum
1062 2042 1194 2083 quidem
1211 2044 1331 2074 Maece·

748 2090 817 2120 nati
834 2091 973 2120 amicum
984 2113 992 2129 ,
1000 2090 1060 2121 -sed
1074 2100 1143 2120 non
1154 2090 1331 2122 ridiculum

749 2136 950 2168 adulatorem
973 2137 1144 2168 ostendere
1161 2137 1269 2169 debet.
1284 2155 1332 2161 —-

751 2183 937 2228 Affluentes
968 2184 1108 2216 Ordinac
1121 2195 1227 2216 annos
1244 2196 1256 2215 :
1273 2195 1334 2215 nu·

751 2242 873 2262 merare
901 2233 1019 2274 incipit
1051 2243 1154 2263 annos
1181 2233 1239 2274 qui
1267 2232 1336 2263 sibi

750 2278 861 2320 postea
881 2278 1093 2311 affluxerunt.
