1422 2528
484 56 583 87 VLIB.
610 55 628 86 1
651 54 813 87 SATIRA
839 56 885 87 X.

85 113 285 154 ¹Corvinus
297 143 308 163 ‚
328 115 465 168 patriis
479 116 744 156 intermiscere
762 115 881 168 petita

92 175 223 215 Verba
244 175 337 216 foris
355 178 484 226 mstis,
505 178 691 217 Canusini
714 190 822 216 more
843 173 1052 226 bilinguis?
1281 179 1313 204 ³0

94 236 215 287 Atqui
232 250 303 290 ego
319 242 407 277 cum
423 252 567 290 graecos
586 240 750 277 facerem
761 268 771 286 ‚
791 246 904 276 natus
923 249 1029 274 mare
1047 235 1164 283 citrei,
1312 239 1315 245 “

95 299 318 340 Versiculos
334 301 376 348 ²4,
391 300 515 339 vetuit
531 314 592 339 me
615 300 683 339 tali
699 313 796 339 voce
813 298 1018 347 Quirinus,

99 439 306 473 vehementer
319 449 425 484 agant,
440 443 511 474 solo
529 453 678 474 sermone

97 487 202 520 latino
216 496 362 527 utentes,
376 500 416 520 an
434 497 486 528 tu,
502 492 599 521 tantis
612 500 681 521 ora-

99 536 227 567 toribus
246 536 434 568 dissimilem
457 544 487 567 te
506 546 680 579 praestans,

99 581 193 614 mailis
217 583 321 615 verba
338 584 445 627 petita
460 583 560 627 foris,
589 585 623 617 h.
650 595 679 616 e.

101 641 144 662 ex
167 629 229 661 aliti
249 631 363 674 lingui
388 631 600 673 deprompta,
625 643 681 674 pa-

101 678 167 710 trio
178 681 319 710 sermoni
335 679 579 710 intermiscere?
597 679 682 710 certe

101 724 198 757 nolis.
221 743 269 750 --
299 725 458 758 Canusini
480 737 569 757 more
593 725 684 758 bilin-

99 772 174 815 guis
193 784 206 803 .·
222 774 399 805 Canusium
411 797 420 812 ‚
438 785 539 816 graeca
555 774 685 805 colonia

103 819 121 851 a
155 821 314 852 Diomede
338 821 416 852 olim
441 821 584 860 condita;
615 821 682 853 vid.

103 867 220 909 snpra,
243 875 301 900 sat.
322 871 364 908 V,
390 879 450 910 9·2;
467 869 555 900 unde
578 870 684 901 Canu-

104 915 183 954 sini,
198 922 236 954 ut
249 917 357 947 caeteri
369 927 482 947 omnes
496 917 610 958 populi
627 917 686 958 qui

103 961 190 992 hanc
210 963 311 994 Italiae
333 971 457 1004 partem
481 975 554 1006 quae
572 975 685 1006 magna

106 1008 231 1040 Graecia
264 1011 496 1052 appellabatur,
528 1018 686 1052 corrupto

105 1066 148 1087 ex
165 1056 306 1100 utraque
324 1057 436 1100 lingna
450 1069 598 1090 sermone
615 1065 686 1089 nte-

104 1103 237 1143 bantur,
261 1106 318 1146 qui
334 1116 405 1136 mos
423 1113 471 1137 est
485 1105 581 1137 etiam
596 1104 684 1136 nime

103 1152 346 1193 provinciarum
378 1154 496 1184 exteris
533 1153 686 1194 gentibus

104 1199 298 1231 vicinarum.
313 1202 434 1232 Omnes
458 1202 617 1231 Brutiates
640 1199 686 1230 bi-

104 1245 232 1290 lingues
256 1254 352 1278 vocat
373 1249 516 1288 Ennius,
539 1247 686 1279 eamdem

105 1293 149 1326 ob
168 1304 307 1327 causam.

157 1348 211 1380 14.
236 1342 343 1385 Atqui
362 1355 444 1387 ego,
471 1344 543 1376 ciem
561 1355 688 1388 graecos

92 1386 265 1432 facerem,
285 1398 382 1422 natus
399 1403 492 1423 mare
506 1392 597 1430 citrlz,
610 1395 641 1422 V
639 1404 688 1423 er-

103 1436 221 1468 siculos
241 1449 253 1469 .-
270 1449 378 1469 nexns
400 1437 541 1481 primum
559 1446 688 1470 senten-

104 1485 158 1516 tiae
172 1485 367 1516 indicandus
390 1493 449 1519 est.
468 1485 582 1518 Minus
602 1487 688 1518 certe

104 1531 278 1564 ridiculum
294 1540 357 1572 est,
374 1535 419 1564 ait
432 1536 560 1573 Noster,
573 1537 688 1566 Roma-

105 1590 187 1611 num
207 1581 244 1611 in
272 1581 518 1613 conscribendis
543 1581 689 1613 versibus

106 1628 218 1670 graecis
246 1630 409 1667 exerceri,
437 1627 537 1670 qnam
558 1640 688 1668 versus,

106 1674 224 1706 Lucilii
262 1676 413 1717 exemplo
453 1676 611 1714 condere,
647 1687 690 1707 ex

108 1720 245 1764 utraque
266 1722 378 1764 lingua
401 1723 538 1766 barbare
556 1733 689 1765 compo·

107 1769 196 1800 sitos.
217 1771 266 1802 Ne
293 1769 402 1800 tamen
428 1770 506 1802 huic
532 1772 690 1802 exercita-

110 1816 204 1854 tioni,
231 1817 285 1847 cui
306 1827 357 1847 me
374 1817 499 1848 tradere
514 1828 690 1860 coeperam,

107 1862 244 1894 ulterius
269 1865 450 1895 insisterem
476 1868 582 1896 vetuit
605 1867 688 1907 Qui-

106 1911 198 1942 rinus
209 1935 218 1950 ,
234 1912 345 1954 gloriae
362 1914 518 1943 Romanae
535 1919 643 1943 custos
657 1920 689 1944 et

90 1960 92 1963 '
108 1964 198 1990 tutor
229 1958 388 1990 assiduus.
429 1959 532 1990 Causa
566 1960 685 2002 liquet;

106 2003 181 2036 fieri
205 2007 321 2048 nequit
345 2013 382 2036 ut
411 2008 583 2048 peregrino
608 2007 689 2038 idio·

107 2058 192 2084 mate
206 2052 269 2084 tarn
285 2053 422 2084 feliciter
440 2061 574 2085 utantur
585 2066 624 2085 ex
631 2062 690 2085 tra·

106 2099 161 2130 nei
169 2099 266 2141 quam
276 2100 438 2142 indigenae
448 2112 457 2139 ;
470 2112 567 2143 quam
581 2109 687 2133 autem

106 2146 332 2178 excellentiam
349 2150 630 2191 praestantiamque
652 2151 689 2181 in

107 2200 236 2226 caeteras
246 2203 368 2237 gentes,
387 2206 551 2228 armorum
567 2198 612 2238 vi,
627 2195 690 2229 sibi

732 443 874 476 Romani
886 436 1226 479 vindicaverunt‚jam
1238 445 1318 469 tem-

733 502 796 533 pus
817 497 865 521 est
886 490 921 520 in
944 489 1077 525 litteris,
1103 488 1138 517 in
1155 486 1320 528 praeclaris

735 538 858 568 artibus
868 561 877 576 ‚
896 538 932 567 iu
946 536 1036 566 omni
1051 533 1191 576 denique
1207 533 1320 564 indus-

735 587 805 616 triae
834 595 967 627 genere,
997 581 1140 613 eamdem
1173 581 1319 612 retineri.

735 633 820 675 Ergo
840 631 857 663 ὲ
880 632 977 674 graeci
1001 631 1161 660 sermonis
1182 639 1263 667 usu,
1287 635 1321 658 et

737 680 842 711 multo
878 679 997 721 magis,
1024 677 1065 708 ab
1095 676 1234 707 absurdi
1264 675 1320 706 illa

736 728 855 760 Lucilii
886 737 992 769 graeco
1007 743 1018 748 -
1034 725 1192 756 latinitate
1224 723 1321 755 absti-

739 786 818 807 nere
834 775 974 806 Romani
994 772 1162 804 debemus.

786 824 855 854 Vix
867 821 1023 853 credibile
1039 827 1087 851 est
1108 826 1269 861 quantum
1286 821 1323 850 in

739 881 882 901 errorem
916 869 955 900 ab
988 868 1046 899 illo
1084 868 1212 898 Horatii
1247 867 1322 898 loco

738 918 906 949 Dacierius
927 916 1082 947 inductus
1104 915 1223 953 suerit,
1247 914 1324 946 curn

740 976 782 996 ex
806 976 844 996 eo
871 962 1134 995 concludendum
1162 964 1326 994 censuerit

740 1013 836 1044 nobis
852 1010 1090 1043 recentioribus
1109 1009 1126 1039 ἱι
1139 1010 1247 1040 latinis
1258 1021 1325 1041 ver-

740 1060 831 1091 sibus
855 1058 1034 1090 scribendis
1061 1057 1171 1088 ezidem
1197 1059 1323 1089 ratione

741 1107 971 1138 abstinendum
986 1117 1063 1137 esse.
1074 1107 1149 1137 Non
1162 1105 1245 1136 vidit
1255 1116 1325 1136 eru-

741 1155 918 1186 ditissimus
940 1154 994 1185 ille
1019 1154 1070 1183 vir
1091 1153 1215 1184 nullam
1239 1153 1326 1184 inter

740 1214 792 1234 res
821 1202 958 1234 omnino
987 1201 1128 1231 diversas
1161 1211 1326 1243 compara-

741 1252 865 1282 tionem
880 1260 946 1280 esse
962 1248 1207 1280 instituendam.

787 1297 939 1329 Florente
972 1294 1084 1339 lingui
1113 1296 1258 1338 qualibet
1291 1298 1326 1328 in

740 1346 872 1388 regione
909 1355 983 1387 quae
1016 1351 1148 1386 poetas,
1182 1351 1327 1375 oratores

742 1395 887 1436 egregios
920 1398 1070 1423 numerat
1110 1398 1142 1422 et
1179 1392 1327 1432 quotidie

741 1442 865 1484 gignit,
893 1441 1050 1481 imparem
1077 1438 1245 1469 evidenter
1268 1450 1328 1481 pu-

741 1499 837 1531 gnam
868 1488 1098 1525 committunt,
1125 1487 1327 1528 quicumque

741 1536 829 1567 inter
845 1542 998 1566 externos
1013 1533 1049 1564 ein
1063 1533 1175 1575 linguei
1193 1535 1241 1564 uti
1259 1546 1327 1566 nou

743 1583 916 1621 dubitant;
940 1582 986 1613 sic
1005 1582 1136 1624 gallicos
1155 1592 1268 1612 versus
1286 1583 1326 1614 ab

742 1631 859 1673 Anglis
884 1636 941 1660 aut
964 1630 1153 1667 Germanis,
1183 1630 1327 1671 anglicos

744 1685 798 1708 aut
827 1678 1030 1720 germanicos
1057 1676 1075 1707 ὲ
1100 1674 1203 1707 Gallis
1232 1676 1325 1716 fieri,

744 1736 828 1767 opus
856 1731 937 1756 esset
964 1723 1157 1766 periculosae
1191 1724 1327 1766 plenum

743 1773 834 1811 aleae,
852 1779 902 1810 et,
920 1779 958 1802 nt
974 1783 1087 1802 verum
1103 1771 1242 1811 dicatur,
1256 1767 1328 1804 omss

744 1819 825 1851 nino
855 1819 1043 1850 absurdum.
1075 1819 1143 1850 Soli
1173 1820 1326 1862 Menagio

743 1865 831 1909 apud
849 1878 909 1898 nos
924 1878 1036 1897 versus
1055 1867 1179 1908 aliquot
1200 1867 1326 1899 italicos

742 1915 988 1956 conscripsisse,
1008 1915 1035 1945 si
1052 1914 1146 1944 samae
1168 1915 1325 1953 creditur,

741 1961 878 1992 feliciter
900 1963 1009 1997 cessit,
1034 1963 1092 2002 qui
1113 1962 1220 1993 tamen
1237 1961 1327 1994 nime

742 2009 911 2040 oblivione
925 2016 1128 2050 premuntur.

790 2054 873 2088 Cum
897 2056 977 2087 vero
993 2056 1125 2097 lingua,
1150 2067 1252 2098 opum
1268 2068 1323 2087 va-

742 2105 864 2135 riarum
885 2103 992 2142 dives,
1013 2105 1124 2134 vivere
1146 2103 1258 2142 desiit,
1272 2115 1325 2135 no-

743 2162 807 2193 que
839 2150 917 2181 alibi
945 2150 1042 2192 quam
1070 2152 1104 2181 in
1130 2151 1326 2182 admirandi-3

742 2199 940 2241 scriptorum
966 2209 1102 2230 suorum
1131 2209 1326 2230 monumen-
