1422 2528
148 143 190 179 48
542 143 583 182 Q.
609 140 792 172 HonA'rn
815 141 968 173 FLAcm

307 202 506 248 Urgentui·
523 198 718 248 ignotique
736 198 849 248 longai

356 262 496 304 Nocte,
516 267 645 295 carent
661 260 751 307 quia
765 267 851 295 vate
867 271 987 296 sacro.

249 321 409 356 Paulum
428 318 585 368 sepultae
602 318 716 356 distat
732 318 878 356 inertiae

249 380 376 416 Celata
395 379 514 415 virtus
533 383 558 416 ⁷.
585 381 671 415 Non
687 391 758 427 ego
775 385 810 414 te
826 378 918 415 meis
1262 382 1269 388 ’
1302 388 1333 412 3ο

303 438 454 476 Chartis
474 439 691 475 inornatum
711 437 848 483 silebo,
1316 459 1324 473 .

353 501 474 535 Totve
492 508 576 535 tuos
595 498 719 548 patiar
734 497 884 534 labores

248 559 410 607 Impune
427 557 459 604 ὃ,
481 558 596 604 Lolli,
618 570 773 607 carpere
788 557 922 594 lividas

250 617 484 655 Obliviones.
506 621 571 655 Est
587 618 733 654 animus
746 617 817 653 tibi

299 680 518 726 Rerumque
538 677 725 726 prudens,
745 685 783 713 et
801 676 975 715 secundis
1303 687 1335 711 35
1388 713 1391 715 ,

351 736 603 787 Temporibus
622 737 826 786 dubiisque
847 745 970 774 rectus
978 751 988 783 3

529 817 535 830 1

147 967 226 1009 quia
243 973 322 997 vace
345 977 437 996 sacro
454 977 465 996 .·
481 967 605 996 nullum
621 967 718 996 virtu-

145 1015 185 1044 tis
211 1023 277 1043 suae
307 1023 489 1053 praeconem
515 1014 612 1043 nacti.
642 1013 719 1043 Non

147 1060 256 1090 autem
274 1058 313 1089 de
333 1057 479 1100 quolibet
493 1058 586 1099 poeta
603 1060 718 1089 Noster

144 1106 304 1146 loquitur,
317 1105 371 1134 sed
393 1104 432 1134 de
450 1104 542 1145 poeta
559 1115 650 1134 sacro
659 1127 670 1141 ,
684 1105 717 1135 h.

146 1163 174 1183 e.
189 1162 284 1192 quem
299 1153 402 1181 Musae
415 1158 446 1181 et
465 1151 583 1191 Apollo
599 1157 636 1180 ut
652 1150 720 1191 dig-

146 1208 226 1228 num
241 1199 292 1228 sui
305 1196 410 1227 cultus
422 1198 602 1227 ministrum
616 1206 721 1226 sacra-

147 1243 263 1280 verint,
299 1254 393 1284 quem
423 1250 607 1273 nascentem
634 1242 714 1272 Mel-

141 1301 284 1332 pomene
295 1289 424 1330 placido
440 1288 560 1319 lumine
573 1288 698 1318 viderie
705 1311 717 1326 ,

146 1338 217 1378 sup.
239 1335 303 1367 Od.
324 1337 372 1366 III
384 1358 393 1372 ‚
407 1335 541 1374 hujusce
555 1335 642 1365 libri.
663 1334 719 1364 Ea-

148 1383 220 1413 dem
247 1381 502 1424 magnificentia,
532 1380 614 1411 infra
642 1381 713 1412 Art.

146 1431 235 1461 Poet.
258 1434 324 1465 400
341 1438 350 1459 τ
368 1427 419 1458 Sic
431 1427 542 1470 2honor
555 1434 587 1457 et
597 1437 715 1456 nomen

146 1474 262 1505 divinis
287 1474 418 1504 vatibus
444 1482 542 1515 acque
560 1473 716 1504 Carmini-

146 1521 203 1550 bus
215 1521 318 1551 venit.

193 1578 208 1605 7
215 1590 222 1597 .
234 1567 370 1597 Paulicm
383 1566 514 1606 sepultae
524 1564 624 1595 distat
633 1564 717 1595 iner-

147 1612 200 1643 tia·
219 1612 331 1643 Celata
357 1612 462 1642 ‘virtus
476 1622 487 1640 .·
510 1613 627 1649 virtus,
644 1622 717 1652 quae

145 1658 164 1688 ἐι
191 1660 319 1689 nemine
350 1658 506 1688 celebrata
539 1658 718 1698 ignoratur,

146 1703 164 1734 ὲ
198 1705 264 1735 vita
298 1703 412 1746 ignava
450 1701 562 1744 parum
599 1703 715 1734 differt.

147 1750 236 1781 Idem
265 1758 311 1781 est
345 1751 446 1788 enim,
481 1756 518 1779 ut
547 1750 637 1779 aiunt
665 1750 716 1788 ju-

148 1797 349 1834 risconsulti,
375 1807 442 1826 non
469 1806 534 1825 esse
568 1801 600 1824 et
623 1796 714 1835 igno-

148 1845 221 1875 rari.
250 1846 331 1884 Quae
353 1842 482 1883 quidem
505 1842 671 1878 sententia,
688 1841 714 1871 si

148 1889 188 1919 ad
221 1890 354 1930 gloriam
381 1894 519 1929 spectes,
554 1888 716 1916 verissima

147 1945 215 1966 rem
238 1937 340 1976 ipsam
367 1932 637 1974 introspiciendo,
655 1934 715 1963 cir-

148 1982 395 2022 cumscriptione
420 1979 555 2021 quadam
585 1978 716 2020 indiget.

146 2028 254 2058 Multo
277 2025 450 2068 sapientius
481 2025 645 2057 Claudian.
679 2025 718 2055 de

147 2073 372 2105 Mall.Theod.
389 2073 569 2110 consulatu,
583 2075 599 2102 I
615 2081 624 2102 :
643 2074 719 2112 Ipsa

148 2119 278 2162 quidem
293 2119 397 2150 virtus
411 2118 550 2159 pretium
571 2117 631 2148 sibi
633 2140 715 2149 .......

149 2165 208 2196 Nil
240 2165 308 2207 opis
333 2173 475 2196 externae
500 2164 648 2204 cupiens,
674 2163 720 2194 nil

149 2211 264 2254 indiga
309 2211 434 2249 laudis,
483 2210 607 2242 Divitiis
649 2209 718 2239 ani-

772 976 862 996 mosa
888 965 961 997 suis.
978 967 1060 997 Nota
1090 965 1145 996 has
1167 977 1275 1005 voces,
1295 978 1340 997 se-

766 1014 868 1054 pultae
890 1011 1036 1049 inertz‘oe‚
1061 1013 1096 1042 in
1124 1012 1231 1044 dativo
1249 1024 1339 1051 casu,

771 1058 929 1100 quidquid
953 1058 1148 1088 contradicat
1177 1060 1339 1090 Dacierius

771 1105 935 1146 ponendas
949 1115 1030 1141 esse,
1045 1112 1082 1134 nt
1102 1105 1181 1135 alibi
1202 1107 1340 1147 reperire

772 1159 839 1181 est:
855 1150 956 1193 Insido
971 1161 1085 1180 scurra*
1107 1150 1238 1182 distabit
1257 1151 1336 1182 ami-

772 1208 843 1233 σιω-,-
857 1197 955 1237 Epist.
970 1198 1000 1232 1,
1031 1197 1069 1226 18
1080 1218 1090 1235 ,
1110 1202 1141 1233 4.

820 1243 850 1274 8.
878 1242 1011 1283 Impune}
1033 1253 1044 1272 .·
1081 1243 1171 1282 quasi
1199 1241 1334 1274 diceret:

773 1290 894 1320 etiamsi
908 1288 960 1318 alii
972 1299 1021 1318 res
1035 1287 1053 1318 'a
1072 1295 1102 1318 te
1121 1289 1203 1319 bene
1222 1295 1337 1329 gestas,

773 1336 929 1375 injurioso
970 1334 1097 1365 silentio
1138 1341 1335 1376 premerent,

768 1393 827 1423 ego
842 1389 872 1411 te
883 1382 924 1411 ab
936 1380 994 1411 ista
1011 1378 1127 1418 livida,
1142 1381 1176 1412 h.
1198 1390 1225 1412 e.
1239 1391 1335 1422 quam

768 1429 855 1459 solus
877 1428 960 1457 livor
983 1437 1092 1467 parere
1114 1433 1235 1468 posset,
1260 1426 1336 1457 obli-

770 1475 875 1510 vione,
902 1484 960 1514 per
983 1483 1071 1503 meos
1091 1479 1202 1503 cantus
1231 1472 1334 1503 &indi-

770 1521 861 1550 caho.
881 1537 926 1543 —
951 1518 1036 1549 Lolli
1071 1529 1081 1548 .·
1112 1518 1195 1550 bella
1225 1518 1335 1550 contra

771 1568 948 1597 Germanos
968 1565 1118 1595 diuturna
1136 1564 1257 1596 Lollius
1273 1575 1338 1606 ges-

770 1619 851 1643 serat
860 1635 868 1650 ,
883 1610 1024 1652 itemque
1038 1611 1073 1640 in
1082 1610 1172 1650 Asis,
1187 1617 1246 1643 etc.
1257 1612 1338 1643 Con-

770 1659 820 1689 sul
838 1658 939 1688 fuerat
957 1667 1043 1687 anno
1058 1658 1099 1688 U.
1122 1657 1158 1690 C.
1177 1657 1253 1696 733.
1273 1658 1336 1687 De-

770 1703 859 1735 miim
881 1704 922 1734 ob
949 1703 1150 1744 prudentiam
1169 1709 1200 1734 ct
1215 1709 1334 1743 specta-

770 1757 834 1780 tam
850 1748 1093 1786 fortitudinem',
1108 1748 1200 1779 datus
1218 1747 1280 1778 fuit
1297 1748 1337 1778 ab

770 1797 917 1837 Augusto
939 1795 1120 1825 moderator
1140 1795 1281 1834 juventae
1298 1795 1334 1826 C.

769 1843 907 1873 Caesaris.
936 1839 1044 1871 Postea
1068 1839 1174 1870 tamen
1198 1841 1339 1882 egregios

770 1899 873 1918 mores
883 1888 955 1918 illos
964 1885 1126 1923 dedidicit,
1136 1893 1168 1916 et
1175 1886 1338 1917 collectam

770 1933 847 1964 dum
882 1934 1030 1964 Horatius
1063 1933 1202 1970 viveret,
1225 1932 1338 1962 famam

770 1980 962 2020 inquinavit.
987 1996 1034 2002 --
1057 1977 1168 2008 Dubiis
1194 1978 1340 2018 tempori-

771 2026 825 2056 bus
840 2037 851 2055 :
867 2024 940 2056 cum
957 2025 1076 2055 Lollius
1094 2025 1269 2054 Germanos
1282 2023 1338 2054 dif-

771 2071 850 2102 ficili
872 2071 956 2102 bello
975 2069 1170 2108 vexaret,ab
1182 2070 1220 2100 iis
1235 2071 1337 2100 victus

769 2118 866 2148 semel
875 2125 906 2148 et
918 2117 1044 2158 fugatus
1055 2116 1115 2146 fuit
1126 2139 1134 2154 ‚
1146 2126 1217 2156 quae
1230 2115 1337 2146 clades

772 2164 921 2194 Lollt'ana
950 2170 997 2193 est
1032 2162 1195 2203 appellata.
1220 2161 1335 2192 Labem

771 2210 858 2240 hauc
893 2210 998 2240 tamen
1024 2206 1231 2250 postmodum
1258 2207 1337 2237 eluit
