1404 2522
260 151 267 153 ,
524 120 603 152 LIB.
628 120 676 153 IV
701 116 789 152 ODE
813 119 856 152 V.
1259 127 1302 154 ’.ιζ-

194 181 284 231 Sic,
303 178 506 220 desideriis
521 179 602 218 icta
614 179 813 226 fidelibus,
1279 186 1305 208 ι’»

356 241 509 290 Quaerit
522 240 651 291 patria
671 242 875 278 Caesarem.

193 306 316 344 Tutus
335 302 407 340 bos
421 298 563 340 etenim
582 299 598 324 ⁵
615 313 708 338 rura
725 298 991 351 perambulat3

193 365 327 404 Nutrit
344 376 436 401 rura
448 364 580 410 Ceres,
603 362 780 412 almaque
799 360 1009 408 Faustita53

195 428 378 463 Pacatum
392 423 558 462 volitant
574 435 645 474 per
665 435 771 460 mare
790 422 954 468 navitae;

318 515 321 517 .
357 484 515 536 Culpari
534 484 672 523 metuit
685 483 802 531 fides;

196 547 320 587 Nullis
339 546 529 598 polluitur
544 554 648 584 casta
669 545 806 583 domus
825 545 971 596 stupris
989 543 1025 591 ⁶3

195 613 284 648 Mos
303 618 341 647 et
356 609 420 648 lex
435 609 674 647 maculosum
689 607 864 645 edomuit
882 607 1010 653 nefas3

197 671 425 710 Laudamur
442 670 558 708 simili
574 670 684 722 prole
704 681 928 720 puerperae3

358 734 521 785 Culpam
538 745 652 783 poena
671 732 813 783 premit
831 743 971 769 comes.

92 881 194 914 deriis
205 880 382 924 fidelibus:
410 879 578 911 desideriis
599 891 674 922 quae

94 929 114 960 ὲ
141 929 302 960 constanti
331 927 406 970 erga
443 930 675 969 Imperatorem

94 975 160 1007 fide
173 982 205 1007 et
217 985 324 1007 amore
333 974 514 1018 profluunt.
525 993 572 999 --
581 977 651 1007 Icta
663 986 676 1006 .·

96 1022 304 1056 vehementer
325 1021 486 1064 perculsa.

142 1071 176 1102 5.
197 1072 297 1101 Tutus
309 1070 365 1100 bos
373 1067 492 1100 etenim
504 1080 516 1099 :
527 1068 677 1110 perhanc

97 1117 380 1158 conjunctionem,
425 1114 545 1146 etenim
557 1139 568 1154 ,
603 1127 677 1157 quae

96 1171 282 1207 sequuntur
305 1174 380 1195 cnm
401 1163 541 1206 praeced.
569 1163 675 1195 oohae-

97 1218 181 1244 rent.
196 1211 347 1253 Explicat
359 1221 469 1242 causas
486 1210 676 1243 vividissimi

96 1258 185 1291 illius
206 1256 340 1290 affectus
368 1268 466 1300 quem
492 1258 592 1289 modo
620 1258 675 1290 de-

96 1307 238 1349 scripsit.
261 1323 308 1331 --·
332 1307 421 1337 Rura
439 1305 675 1347 perambulat:

97 1364 193 1392 rum,
210 1364 284 1395 quae
299 1363 366 1384 vox
382 1354 419 1384 in
433 1363 528 1383 versu
537 1363 677 1394 sequen-

98 1401 125 1432 ti
148 1401 298 1439 iteratur,
327 1410 386 1441 per
408 1410 552 1431 errorem
576 1401 677 1443 irrep-

92 1448 174 1479 sisse
195 1449 376 1490 suspicatus
407 1447 514 1477 fuerat
544 1447 676 1479 doctiss.

97 1493 149 1525 vir
165 1493 334 1538 Lefebvrie,
351 1494 481 1526 Dacieri
494 1504 598 1534 socer,
617 1506 674 1526 cu-

94 1542 149 1581 jus
162 1542 198 1573 in
218 1543 330 1574 locum
350 1541 584 1581 substituebat,
598 1553 674 1583 prae

97 1595 144 1619 ta.
159 1589 297 1620 Felicem
307 1611 318 1627 ‚
330 1599 404 1619 meo
418 1587 550 1630 quidem
562 1600 671 1629 sensu,

97 1635 356 1667 emendationem
375 1635 542 1676 adoptavit
559 1643 591 1667 et
610 1636 674 1667 for-

97 1683 173 1714 titer
197 1689 323 1714 tutatus
345 1689 394 1713 est
420 1682 555 1714 Sanado.
572 1685 676 1715 Boves

97 1729 184 1761 enim
195 1725 259 1771 per
269 1740 345 1760 rura
354 1753 367 1768 ,
383 1729 415 1760 h.
427 1740 454 1760 e.
467 1730 504 1760 in
514 1731 596 1772 agris
609 1742 679 1762 non

97 1777 276 1816 ambulant,
291 1777 351 1808 sed
366 1783 472 1807 aratro
487 1777 592 1808 adacti
606 1789 674 1820 gra-

97 1823 181 1855 viter
210 1824 379 1863 laborant3
402 1822 480 1854 dum
498 1824 516 1854 ὲ
539 1825 672 1864 contra,

94 1871 176 1913 jugo
194 1871 292 1902 soluti
315 1871 480 1902 liberrime
499 1882 562 1912 per
575 1880 676 1913 prata

99 1925 265 1960 vagantur.
275 1918 341 1950 Ille
347 1929 438 1949 meas
451 1928 559 1950 errare
568 1919 671 1957 boves,

98 1965 191 2008 Virg.
205 1965 318 2007 Eclog.
332 1967 347 1996 1
356 1989 364 2004 ‚
378 1976 412 2007 9.
426 1965 521 1996 Adde
532 1966 676 2006 ejusdem

99 2013 188 2043 vocis
209 2014 247 2044 in
267 2012 399 2043 duobus
423 2013 571 2044 versibus
601 2025 676 2045 con-

99 2059 196 2106 tiguis
217 2058 335 2102 parum
357 2059 559 2091 commodam
580 2062 677 2092 itera·

99 2106 232 2138 tionem.
257 2109 398 2139 Textum
422 2107 530 2138 tamen
557 2110 676 2140 mutari

99 2153 263 2185 noluimus
296 2152 389 2192 cum,
420 2154 588 2186 Sanadoue
614 2167 672 2186 ex·
726 2167 772 2187 roe

99 2206 216 2241 cepto,
228 2201 317 2232 nulla
334 2201 394 2232 alia
418 2201 502 2232 hanc
524 2203 673 2235 immuta-

728 882 894 923 Almaque
940 878 1103 910 Faustitas
1132 880 1152 908 :'
1185 878 1307 908 faustus

728 929 979 969 uberrimusque
992 927 1122 969 frugum
1134 932 1314 967 proventus

730 987 797 1018 quo
807 976 956 1007 homines
966 975 1109 1005 aluntur.
1121 991 1169 997 --
1180 972 1315 1014 Culpam?

732 1023 846 1054 metuit
848 1022 938 1066 fides
952 1034 962 1052 :
982 1021 1066 1052 bene
1083 1028 1115 1052 et
1131 1021 1148 1051 ὲ
1163 1019 1312 1056 consilio,

733 1070 847 1102 metuit
858 1082 872 1107 ,·
902 1069 1051 1111 probitas
1079 1068 1167 1099 enim
1202 1066 1316 1108 suapte

731 1117 863 1156 natura,
878 1118 982 1148 virtus
999 1123 1046 1148 est
1062 1116 1188 1147 timoris
1199 1115 1293 1157 plena
1306 1137 1315 1151 ,

730 1173 763 1196 et
781 1175 854 1206 quae
868 1165 921 1195 vel
943 1165 1086 1195 minimae
1108 1163 1190 1194 labis
1212 1162 1315 1204 suspi-

731 1213 859 1244 cionem
875 1211 1075 1243 reformidat.

775 1260 808 1291 6.
830 1259 939 1291 Nullis
960 1258 1123 1301 polluitur
1145 1264 1238 1288 casta
1257 1257 1314 1288 do-

730 1317 800 1338 mus
813 1302 932 1348 stupris
942 1318 954 1337 .·
970 1304 1142 1348 paululum
1150 1304 1314 1346 hyperbo-

729 1354 810 1392 lice3
827 1354 884 1385 sed
897 1354 937 1384 ad
953 1361 1057 1396 poetae
1070 1352 1314 1384 excusationem

730 1400 853 1432 sufficit
865 1412 971 1432 mores
981 1400 1092 1432 revera
1105 1399 1248 1440 Augusti
1264 1398 1311 1430 le-

730 1448 824 1490 gibus
850 1455 881 1478 et
897 1449 984 1479 curis
1008 1449 1043 1478 in
1067 1445 1182 1477 melius
1206 1456 1315 1476 versos

730 1495 838 1527 fuisse.
850 1514 896 1520 --
905 1497 979 1526 Mos
994 1503 1027 1526 et
1040 1495 1096 1525 lex
1113 1493 1315 1524 maculosum

727 1542 873 1574 edomuit
891 1543 986 1586 nefas
1009 1553 1020 1573 :
1043 1553 1102 1583 per
1122 1551 1244 1571 morem
1265 1543 1314 1570 in-

727 1590 835 1632 tellige
861 1597 1005 1621 veterem
1028 1599 1160 1620 morum
1184 1587 1314 1618 'domes-

729 1638 869 1668 ticorum
891 1637 1114 1680 disciplinam,
1133 1643 1166 1667 et
1179 1636 1295 1666 restitu
1306 1655 1313 1658 ⁴

730 1692 796 1715 tam
818 1687 932 1726 patriae
951 1693 983 1716 et
1001 1683 1139 1715 maritali
1163 1684 1314 1724 potestati

733 1731 933 1774 dignitatem.
962 1734 1028 1762 Lex
1037 1744 1051 1769 ‚·
1078 1729 1192 1761 alludit
1209 1729 1248 1760 ad
1267 1724 1315 1761 'le—

728 1790 801 1821 gem
823 1781 845 1810 J
849 1779 947 1810 uliam
964 1780 1015 1810 De
1034 1777 1223 1809 Adulten'is.
1240 1778 1313 1808 ‚Ua-

729 1826 872 1857 culosum
890 1825 985 1869 nefizs
1001 1826 1193 1857 :licentiam
1210 1832 1241 1855 et
1261 1825 1313 1855 ad·

729 1873 922 1904 ulteriorum
939 1874 1152 1914 frequentiam
1167 1883 1258 1914 quae,
1278 1880 1314 1903 ut

730 1921 775 1951 ait
786 1923 915 1960 Noster,
928 1920 1024 1963 supra
1042 1919 1107 1952 Od.
1122 1921 1189 1958 ΙΙΙ,
1201 1920 1233 1958 6,
1252 1919 1290 1949 18
1303 1942 1311 1957 ‚

730 1975 763 1998 et
786 1979 892 2010 genus
918 1977 951 1999 ec
979 1967 1092 1998 domos
1124 1966 1311 2010 iqquitmve-

729 2023 813 2051 rant,
829 2023 861 2046 et
875 2015 1063 2046 indelebiles
1071 2014 1218 2045 maculas
1228 2025 1312 2055 nup·

731 2063 848 2092 tiaram
862 2063 1022 2094 sanctitati
1041 2069 1249 2104 asperserant.
1260 2079 1307 2086 --

730 2109 926 2141 Laudamur
944 2108 1045 2141 simili
1057 2110 1153 2151 prole
1170 2119 1309 2150 puerpe-

799 2168 812 2188 ε
838 2157 1018 2189 similitudo
1051 2155 1138 2188 filios
1163 2158 1250 2187 inter
1277 2162 1309 2185 et

726 2206 838 2235 matris
864 2207 1016 2236 maritum
1038 2205 1190 2246 legitimae
1211 2203 1308 2243 origi-

99 2247 220 2278 tionem
257 2254 386 2279 tueatur
423 2250 606 2282 auctoritas.
626 2267 673 2275 —·
726 2252 777 2282 nis
794 2251 972 2291 indicium,
996 2251 1135 2293 ideoque
1153 2257 1306 2281 maternae
