1422 2528
159 140 221 162 200

533 133 573 172 Q.
599 130 782 162 HORATII
806 132 956 163 FLACCI

157 186 324 225 Naribus
341 187 480 224 horum
500 186 722 225 hominum?
742 187 859 224 rideri
877 187 1012 238 possit,
1033 187 1079 225 eo
1099 187 1204 237 quod
1312 197 1342 222 ³0

157 247 352 285 Rusticiiis
372 256 482 285 tonso
504 257 592 298 toga
614 247 766 294 defluit,
785 255 823 284 et
840 249 937 285 male
955 248 1064 285 laxus

155 308 199 342 In
217 306 314 356 pede
333 308 482 345 calceus
502 308 642 344 haeret?
663 309 713 344 At
733 315 789 344 est
804 306 948 354 bonus,
971 315 1014 344 ut
1032 307 1166 344 melior
1183 308 1242 345 vir

156 369 244 403 Non
264 367 359 405 alius
378 369 599 418 quisquam;
615 376 653 404 at
672 367 743 404 tibi
759 367 922 412 amicus;
943 375 980 404 at
998 366 1192 416 ingenium
1213 367 1343 417 ingens

157 426 306 463 Inculto
326 428 416 464 latet
431 427 504 464 hoc
523 426 595 464 sub
611 439 785 476 corpore.
802 427 977 476 Denique
992 435 1029 463 te
1048 426 1174 476 ipsum

155 486 324 523 Concute
345 494 377 532 7,
394 489 486 524 num
507 500 582 536 qua
599 486 668 524 tibi
686 487 865 524 vitiorum
881 485 1062 523 inseverit
1080 484 1170 523 olim
1313 493 1346 518 3⁵

154 545 319 591 Natura,
341 555 406 583 aut
422 546 534 583 etiaim
555 546 792 583 consuetudo
809 546 924 592 mala;
943 548 1108 595 namque

153 604 346 654 Neglectis
363 606 508 643 urenda
528 607 605 643 filix
624 607 836 643 innascitur
852 606 965 655 agris.

154 664 250 700 Illuc
266 674 545 714 praevertamur
561 666 592 712 33
614 674 821 702 amatorem
840 663 944 715 quod
962 663 1092 702 amicae

156 723 301 773 Turpia
318 724 514 774 decipiunt
527 738 669 763 caecum
687 725 801 773 vitia,
825 733 891 762 aut
909 724 1023 762 etism
1042 724 1124 776 ipsa
1138 723 1219 762 haec

153 913 283 942 nionem
304 912 407 942 multo
427 910 580 941 libentius
598 921 722 951 sequar,

153 957 250 998 quam
260 969 370 989 eorum
376 959 430 999 qui
440 959 608 988 Horatium
619 957 668 987 sui
677 958 724 997 ip-

153 1005 219 1034 sius
235 1004 371 1046 effigiem
385 1005 574 1045 expressisse
585 1013 722 1033 asserue-

153 1057 239 1082 runt.
250 1051 352 1093 Nimis
365 1051 548 1092 ingeniosus
562 1056 628 1079 erat
647 1051 724 1081 Nos-

154 1102 213 1134 ter,
235 1094 331 1138 quam
349 1103 386 1126 ut
403 1096 464 1126 sibi
488 1095 650 1136 ingenium
671 1095 722 1125 in-

151 1153 233 1183 gens
250 1143 416 1173 tribueret.
433 1159 478 1165 —-
503 1141 610 1172 Minas
630 1149 723 1181 aptus

155 1198 215 1218 acu
220 1188 258 1219 tis
266 1188 406 1219 Naribus
417 1187 528 1218 horum
537 1187 608 1217 hom
613 1187 700 1218 inum
710 1195 722 1215 .·

155 1236 212 1274 qui
242 1236 382 1265 acutiore
409 1241 440 1264 et
471 1234 616 1274 longiore
647 1239 723 1264 sunt

154 1291 249 1317 naso,
270 1280 391 1311 dicaces
408 1290 473 1310 esse
493 1280 720 1322 perhibentur-3

154 1334 185 1357 et
202 1326 276 1357 cum
298 1327 478 1367 quempiam
496 1326 632 1356 irrident
646 1337 723 1360 naso

152 1373 330 1414 plurimum
356 1379 505 1409 utuntur,
532 1373 598 1403 sive
632 1373 724 1405 illum

154 1426 343 1460 corrugent,
375 1418 440 1448 sive
468 1419 632 1456 attollant3
659 1421 725 1451 siv&

153 1464 249 1496 etiaim
256 1476 294 1496 eo
301 1475 416 1495 sonum
425 1464 528 1495 edant.
538 1465 647 1502 Porro,
655 1468 727 1496 Vir-

152 1511 247 1553 gilius
255 1511 366 1541 talium
372 1510 539 1540 hominum
549 1512 726 1551 impatiens,

155 1568 267 1588 corum
293 1558 475 1598 congressui
503 1557 607 1586 mimis
633 1565 726 1598 aptus

153 1610 231 1647 egat.
247 1620 294 1626 -—
307 1605 396 1645 Toga
411 1602 524 1646 defluit
534 1613 545 1632 :
559 1614 628 1633 non
641 1604 725 1634 recte

153 1650 279 1691 alligata
311 1656 342 1679 et
377 1650 552 1689 composita
584 1655 641 1680 est.
678 1668 725 1674 --

154 1696 244 1726 Male
268 1706 279 1726 :
301 1696 399 1736 junge
425 1705 499 1725 cum
522 1695 637 1733 verbo,
659 1695 724 1727 lzoe-

155 1749 220 1778 rec,
243 1743 300 1772 vix
314 1742 349 1774 iu
367 1741 503 1782 pedibus
521 1742 675 1773 consistit.

205 1799 235 1827 7.
247 1788 394 1828 Denique
409 1795 439 1818 te
451 1787 550 1828 ipsum
566 1788 725 1820 concute.-

155 1845 258 1865 nexus
279 1835 462 1872 sententiae;
490 1835 516 1864 si
544 1833 608 1864 tam
634 1837 725 1875 parvi

157 1881 404 1918 momentivitia‚
422 1887 457 1910 ut
472 1881 573 1921 aliqua
586 1882 620 1911 in
635 1882 726 1912 vesti-

157 1928 272 1957 mentis
285 1927 474 1968 negligentia
483 1949 491 1964 ,
508 1928 653 1957 maximis
665 1929 726 1957 vir-

156 1973 279 2003 tutibus
289 1981 320 2003 et
329 1972 481 2003 immensa
490 1974 608 2015 ingenii
616 1973 722 2011 laude,

155 2025 211 2049 tuo
219 2019 342 2057 judicio
350 2042 358 2057 ,
369 2030 436 2050 non
446 2019 661 2057 redimuntur,
673 2031 726 2050 ne-

155 2075 219 2105 que
237 2064 342 2096 adhuc
360 2076 396 2096 os
415 2065 643 2096 maledicentiae
661 2073 724 2097 tuae

157 2111 352 2150 occluditur,
373 2118 404 2141 te
424 2119 550 2142 moveat
566 2112 674 2143 saltem
693 2119 724 2143 et

156 2156 195 2187 ad
210 2158 372 2189 silentium
394 2158 496 2200 adigat
519 2165 649 2189 tuorum
676 2159 722 2190 vi-

157 2204 275 2236 tiorum
297 2204 519 2237 consideratio.
552 2206 596 2236 Te
621 2204 722 2246 ipsum

776 917 927 947 concute,
948 910 981 942 h.
996 921 1036 948 e.‚
1055 911 1218 951 perpende
1244 910 1321 943 num
1334 935 1342 950 ‚

776 957 842 988 sive
857 955 988 994 natura,
1005 956 1071 987 sive
1094 955 1191 997 pravai
1214 967 1343 988 consue-

776 1003 904 1041 tudine,
925 1003 1078 1033 vitiorum
1101 1003 1187 1034 labes
1201 1003 1261 1034 tibi
1276 1014 1343 1035 non

775 1050 868 1079 insita
898 1049 1005 1080 fuerit.
1032 1065 1078 1072 --
1109 1049 1240 1080 Urenda
1265 1061 1276 1079 :
1307 1057 1344 1080 ut

774 1096 909 1126 inutilis.

822 1142 839 1170 8
845 1141 938 1171 ,Illice-
945 1148 1170 1181 praevertatnur
1178 1151 1189 1171 .·
1197 1139 1344 1172 nonnihil

774 1187 905 1217 obscuri
922 1193 954 1216 et
974 1186 1120 1227 impediti
1132 1197 1198 1216 esse
1222 1188 1256 1216 in
1285 1185 1345 1218 lnic

775 1234 963 1263 transitione
983 1233 1050 1274 ipsa
1069 1233 1226 1263 variarum
1247 1233 1345 1264 inter-

775 1280 990 1319 pretationum
1014 1278 1172 1309 discordia
1211 1278 1342 1310 indicat.

777 1327 817 1355 ln
853 1326 991 1355 Dacierii
1020 1326 1208 1355 sententiam
1239 1324 1345 1356 malim

778 1371 986 1408 descendere,
1018 1370 1090 1412 qisae
1113 1370 1158 1402 sic
1181 1381 1214 1402 se
1238 1369 1345 1404 habet.

778 1416 870 1454 Illuc,
885 1418 1002 1458 inquit,
1017 1423 1178 1448 vertamur
1187 1415 1345 1458 praediis,

780 1464 851 1494 ante
873 1464 979 1493 omnia
990 1486 998 1502 ‚
1014 1464 1079 1504 quo
1090 1469 1259 1494 vertuntur
1268 1474 1347 1495 ama-

781 1515 882 1547 tores,
907 1508 980 1539 cum
1007 1510 1045 1540 de
1069 1511 1241 1540 amicarum
1261 1511 1347 1541 vitiis

778 1556 1006 1595 pronuntiant3
1017 1556 1107 1596 quod
1123 1557 1158 1586 in
1176 1565 1281 1587 amore
1298 1556 1346 1587 illi

779 1599 914 1640 faciunt,
936 1612 994 1632 nos
1015 1603 1049 1631 in
1074 1601 1211 1632 amicitia
1233 1600 1345 1633 efficia-

778 1658 859 1678 muS.
883 1665 928 1670 -
955 1646 1072 1688 Turpia
1103 1647 1266 1689 decipiunt
1287 1659 1344 1679 σιε-

777 1704 848 1724 cum
866 1693 970 1730 vicia,
995 1701 1052 1724 aut
1073 1693 1170 1724 etic'zm
1186 1694 1257 1735 ipsa
1275 1693 1344 1726 hoec

777 1740 952 1770 Delectant
972 1750 983 1770 .·
1005 1739 1093 1770 hunc
1111 1741 1220 1772 Nostri
1236 1740 1343 1772 locum

778 1785 929 1817 memoria
945 1786 1071 1817 tenebat
1079 1786 1244 1817 Molierius
1250 1807 1259 1824 ,
1271 1786 1343 1818 Mis-

777 1832 925 1874 anthrop.
948 1839 1007 1864 act.
1023 1834 1053 1870 Ι,
1078 1843 1120 1863 sc.
1138 1843 1151 1863 1
1162 1853 1172 1870 ‚
1185 1830 1257 1863 cum
1272 1831 1342 1863 Phi-

777 1879 895 1909 lintum
933 1878 1111 1910 introducit
1143 1878 1182 1908 de
1207 1879 1343 1909 Alcestis

778 1927 917 1956 caecitate
929 1931 1112 1966 querentem
1127 1934 1135 1955 :
1154 1925 1206 1956 Ne
1219 1931 1341 1955 sont-ce

771 1972 847 2012 plus
876 1971 1005 2014 de'fauce
1031 1970 1114 2000 dans
1139 1981 1183 2000 un
1207 1969 1344 2012 obsessi

777 2018 883 2055 doux,
906 2019 957 2048 Ne
981 2018 1027 2048 les
1041 2026 1244 2056 ‘noyez-vous
1257 2027 1341 2057 pas,

777 2071 809 2094 et
841 2065 887 2094 les
909 2066 1168 2094 excusez—‘vouse’
1191 2065 1272 2104 Quae
1294 2073 1341 2094 se-

776 2117 923 2151 quuntur
946 2110 985 2140 de
1007 2109 1156 2140 facilitate
1174 2107 1236 2150 qua
1251 2116 1341 2151 pater

777 2157 884 2187 dilecti
901 2155 960 2187 filii
978 2156 1055 2186 vitia
1068 2157 1248 2194 attenuare,
1269 2165 1341 2186 mu-

776 2210 842 2244 tato
863 2204 1015 2235 vitiorum
1033 2202 1175 2242 nomine,
1196 2208 1340 2240 conatur,
