1404 2522
555 118 595 158 Q.
621 117 806 150 nomm
829 118 983 152 uacet

264 173 414 209 Laurea
433 172 633 211 donandus
651 170 883 226 Apollinari,

264 232 341 267 Seu
361 244 430 281 per
447 232 607 270 audaces
622 245 723 270 nova
743 233 1007 284 dithyrambos
1029 234 1045 260 ⁵

1319 253 1350 269 10

262 289 390 328 Verba
406 291 593 339 devolvit,
606 293 851 343 numerisque
865 294 989 332 fertur

471 353 572 400 Lege
592 352 728 389 solutis
740 367 751 400 ;

261 411 338 446 Seu
358 408 449 448 deos
466 411 482 439 4
499 424 683 461 regesque
700 412 802 454 canit
813 440 823 458 ,
847 413 1008 450 deorum

259 470 509 519 Sanguinem,
529 484 598 521 per
619 484 714 521 quos
730 472 901 510 cecidere
911 473 1014 523 justa

259 530 385 566 Morte
402 531 600 577 Centauri,
617 531 756 568 eccidit
776 532 982 570 tremendae

1320 541 1349 566 15

466 591 637 628 Flamma
652 591 867 637 Chimaerae3

260 647 368 695 Sive,
387 661 483 698 quos
499 650 592 686 Elea
609 649 764 687 domum
783 650 933 687 reducit

258 707 385 745 Palma
400 709 580 757 coelestes,
599 708 612 732 ⁵
632 710 846 760 pugilemve
860 722 1047 760 equumve

114 917 116 919 ’
153 908 303 951 tanquarn
326 911 342 942 ὲ
358 912 445 943 fonte
463 912 624 945 uberrimo
635 937 643 952 ,
659 914 717 944 im-

151 966 260 986 mensa
280 958 452 988 verborum
476 962 720 991 sententiarum-

151 1007 214 1042 que
229 1004 320 1043 eopia
335 1004 482 1045 profluit,
497 1006 581 1036 unde
596 1017 652 1047 per
667 1006 723 1036 ad-

151 1048 327 1079 mirandam
341 1051 554 1088 metathesim,
569 1053 636 1093 ipse
645 1063 717 1093 poe-

153 1100 185 1123 ta
211 1094 276 1125 ruic
299 1095 487 1135 immensus,
508 1098 540 1127 id
555 1106 618 1136 est,
643 1109 717 1128 exu-

151 1139 255 1178 berat,
270 1144 461 1184 prorumpit.
478 1161 525 1167 -—
538 1145 639 1184 Super
660 1155 717 1174 ηο-

151 1194 202 1216 tas
224 1186 311 1227 ripas
333 1198 345 1218 .·
369 1190 510 1228 justum,
530 1198 719 1221 consuetum

153 1232 289 1265 alveum.

197 1279 230 1310 3.
247 1282 313 1310 Per
325 1281 465 1311 audaces
480 1281 716 1322 dithyrambos:

148 1324 191 1355 de
211 1325 420 1367 dithyrambis
438 1328 510 1358 vide
532 1328 626 1369 supra
655 1339 717 1359 no-

150 1378 214 1402 tam
238 1372 273 1402 in
289 1373 418 1403 titulum
442 1374 503 1405 Od.
519 1376 550 1404 11
565 1396 575 1412 ,
602 1385 654 1415 19.
670 1393 718 1399 —-

150 1419 242 1448 Νονα
270 1419 373 1449 verba
403 1419 536 1451 devolvit
572 1431 584 1450 .·
619 1422 716 1452 verba

150 1463 303 1495 hactenus
321 1465 463 1496 inaudita
477 1489 486 1504 ,
504 1474 535 1497 et
554 1466 591 1496 ad
617 1467 717 1498 licen-

149 1511 226 1540 tiam
245 1518 277 1541 et
300 1511 461 1542 audaciam
491 1512 717 1554 dithyrambici

149 1557 274 1598 generis
290 1565 405 1589 creata.
420 1560 502 1590 Nota
515 1560 580 1589 vim
597 1566 628 1590 et
641 1570 715 1600 pro-

148 1604 313 1643 prietatem
327 1603 422 1643 hujus
436 1605 543 1642 verbi,
562 1605 712 1644 devolvit,

149 1649 239 1689 quod
265 1649 305 1680 ad
331 1650 547 1690 metaphoram
563 1662 604 1681 ex
624 1661 713 1682 amne

149 1694 346 1737 desumptam
367 1697 566 1727 referendum
587 1705 644 1729 est.
668 1716 715 1722 —-

149 1742 473 1784 Mcmerisquefirtur
489 1746 573 1785 Lege
585 1744 694 1774 solacis
705 1756 715 1775 :

149 1789 356 1818 continuatur
381 1796 414 1819 et
438 1790 615 1830 explicatur
647 1791 716 1821 alle-

148 1835 247 1875 goria.
266 1836 430 1865 Torrentis
454 1835 552 1866 instar
571 1837 627 1876 qui
643 1837 715 1867 nul-

147 1879 217 1910 lum
233 1881 358 1911 alveum
371 1888 492 1919 servat,
505 1883 550 1912 sic
562 1882 716 1913 Pindarus

147 1929 345 1969 proescriptas
371 1929 491 1958 eaeteris
523 1929 716 1959 carminibus

148 1973 236 2018 leges
257 1974 403 2014 negligit,
426 1981 457 2004 et
478 1974 580 2005 furori
599 1985 658 2005 suo
678 1975 716 2005 li-

148 2018 256 2050 herinis
274 2019 459 2061 indulgens,
484 2021 581 2051 nullis
604 2031 716 2051 nume-

148 2075 270 2103 mrum,
290 2066 325 2097 id
353 2073 400 2096 est
428 2066 570 2107 rhythmi
597 2068 714 2108 regulis

145 2113 321 2150 coercitus,
337 2111 376 2142 ab
397 2123 463 2142 uno
485 2112 523 2142 ad
547 2113 632 2143 aliud
648 2124 714 2143 ver-

145 2168 240 2189 suum
265 2169 365 2201 genus
387 2158 602 2190 indesinenter
626 2167 711 2190 tran-

147 2204 223 2236 silit.

821 919 851 950 4.
874 914 934 944 Seu
953 913 1028 944 deos
1048 926 1060 945 .·
1090 921 1126 946 nt
1144 915 1340 957 Apollinem.

773 962 965 1002 —Regesve
981 960 1072 991 canit
1086 972 1097 991 .·
1114 968 1151 991 ut
1169 963 1341 994 Hieronem

776 1008 832 1046 qui
859 1013 1000 1047 tempore
1038 1006 1166 1038 Pindari
1200 1009 1343 1049 regnavit

769 1053 803 1081 in
833 1052 948 1084 Sicilia.
975 1068 1023 1076 --
1046 1055 1186 1084 Deorum
1215 1054 1342 1096 sangui-

771 1108 844 1128 nem
863 1109 874 1128 .·
887 1100 953 1128 sive
973 1098 1084 1130 heroas
1099 1100 1154 1140 qui
1164 1122 1175 1137 ‚
1199 1106 1236 1130 ut
1258 1101 1340 1131 Her-

772 1145 856 1175 cules
878 1150 909 1174 et
936 1143 1116 1184 Pirithoiis,
1131 1144 1148 1175 a
1166 1145 1226 1176 diis
1247 1146 1340 1177 duce-

771 1189 849 1220 bant
875 1191 1047 1231 originem,
1072 1191 1132 1222 uisi
1156 1190 1246 1223 malis
1269 1192 1342 1223 deo-

771 1246 843 1266 rum
875 1236 1063 1278 sanguinem
1088 1247 1146 1278 per
1171 1238 1341 1279 appositio-

770 1293 844 1313 nem
873 1292 945 1312 cum
974 1283 1036 1313 illis
1070 1283 1224 1322 vocibus,
1250 1295 1340 1327 reges

764 1339 827 1369 per
858 1339 955 1369 quos,
982 1335 1061 1367 etc.,
1081 1330 1224 1372 jungere.
1248 1330 1339 1362 Idem

769 1374 834 1405 fere
860 1385 979 1406 sensus.
1001 1392 1049 1399 —-
1072 1378 1138 1407 Per
1160 1387 1239 1418 quos
1263 1377 1339 1408 ceci-

769 1419 846 1451 de¹re
873 1419 965 1462 justd
994 1422 1097 1452 Morte
1138 1422 1296 1454 Centauri
1323 1434 1336 1454 .·

769 1467 940 1498 Herculem
947 1490 956 1505 ,
970 1467 1128 1500 Theseum
1137 1491 1146 1507 ,
1157 1467 1336 1500 Pirithoum

769 1513 929 1555 intelligit,
950 1515 1007 1554 qui
1023 1515 1182 1556 Eurytum
1207 1522 1239 1546 et
1260 1515 1337 1547 alios

769 1560 944 1591 Centauros
956 1582 964 1596 ‚
982 1560 1025 1590 ob
1041 1562 1106 1591 vim
1131 1561 1336 1593 libidinosum

769 1604 994 1646 Hippodamiae
1007 1607 1141 1637 Pirithoi
1153 1618 1287 1649 sponsae,
1299 1609 1335 1639 in

768 1651 856 1681 coena
886 1652 1021 1691 nuptiali
1047 1654 1232 1684 intentatam
1253 1655 1336 1685 occi-

767 1697 893 1728 derunt.
912 1697 993 1728 Vide
1006 1698 1115 1740 supra,
1136 1699 1198 1732 Od.
1215 1701 1249 1739 1,
1274 1701 1312 1731 18
1323 1723 1332 1739 ,

769 1745 801 1781 8,
810 1751 842 1773 et
851 1750 958 1774 notam
967 1745 1002 1774 in
1010 1744 1098 1775 hunc
1108 1745 1274 1777 locum.—-
1281 1746 1333 1778 Ce-

767 1789 845 1820 cidit
857 1791 1028 1821 cremendae
1040 1791 1188 1822 Flamma
1200 1791 1331 1824 Chimae-

768 1847 812 1866 rae
825 1847 835 1866 :
850 1836 890 1867 de
907 1835 1061 1868 Chimaera
1071 1838 1202 1870 consule
1216 1839 1311 1880 snpra
1322 1862 1330 1878 ,

768 1882 830 1914 Od.
847 1884 882 1920 1,
899 1892 937 1919 27
950 1905 958 1920 ‚
974 1889 1032 1920 24,
1049 1891 1080 1914 et
1095 1891 1214 1916 notam.

816 1930 846 1960 5.
864 1928 933 1960 St've
951 1940 1029 1970 quos
1039 1931 1123 1960 Elea
1139 1930 1266 1961 domum
1279 1942 1328 1962 rte-

767 1975 855 2006 ducit
874 1977 989 2007 Palma
1011 1977 1151 2007 coelestes
1171 1987 1183 2007 .·
1200 1977 1266 2007 sive
1285 1977 1330 2008 di-

766 2023 809 2052 cit
833 2029 864 2052 et
885 2022 992 2053 laudat
1012 2033 1068 2054 eos
1094 2033 1173 2063 quos
1194 2023 1327 2054 victoria

765 2068 865 2108 prope
888 2069 1008 2100 Elidem
1026 2075 1114 2110 parta
1136 2069 1171 2100 in
1195 2071 1328 2110 patriam

770 2114 871 2144 redire
900 2116 974 2146 sinit
1005 2115 1158 2151 coelesees,
1194 2115 1228 2145 id
1262 2122 1326 2153 est,

763 2159 941 2191 honoribus
971 2162 1036 2191 fere
1066 2161 1246 2192 coelestibus
1272 2172 1328 2191 cu·

763 2207 908 2238 mutatos.
931 2225 976 2231 —
998 2207 1180 2250 Pugile-moe
1201 2218 1328 2250 eqemm-
