1422 2528
468 120 471 121 ⁷
490 110 569 142 Lm.
585 111 602 141 1
625 109 787 142 SATIRA
811 111 904 143 xlm.

1241 118 1306 148 253

93 170 294 210 Canidiam
307 198 318 217 ‚
334 168 502 221 pedibus
518 170 636 208 nudis
649 199 660 218 ‚
680 183 875 222 passoque
890 171 1030 222 capillo
1040 201 1049 218 ,

94 237 193 272 Cum
209 231 361 283 Sagana
377 231 524 283 majore
542 232 774 279 ululantem3
790 232 916 283 pallor
925 242 1108 285 utrasque
1275 249 1306 272 25

91 298 254 335 Fecerat
268 293 486 332 horrendas
506 293 707 345 adspectu.
727 295 910 345 scalpere
929 303 1071 334 terram

91 355 317 408 Unguibus,
333 363 372 393 et
390 356 538 407 pullam
555 355 740 394 divellere
752 355 950 395 mordicus
968 370 1104 408 agnam

92 419 325 468 Coeperunt3
345 428 465 454 cruor
481 417 520 454 in
540 417 682 455 fossam
698 417 899 463 confusus,
921 427 964 455 ut
977 418 1067 456 inde

90 481 227 516 Manes
246 478 447 524 elicerent,
469 477 615 516 animas
634 490 820 529 responsa
840 478 1009 517 daturas.

88 543 217 578 Lanea
236 548 274 577 et
294 539 440 590 effigies
457 547 560 587 erat,
580 540 700 579 altera
718 553 850 587 cerea;
869 541 993 591 major
1274 556 1305 581 ³0

87 604 236 648 Lanea,
253 614 339 652 quae
358 601 482 652 poenis
497 611 760 652 compesceret
775 602 1002 639 inferiorem
1020 610 1047 640 ⁷.

86 664 209 700 Cerea
227 661 458 714 suppliciter
478 661 624 709 stabat)
644 662 869 709 servilibus,
891 671 933 700 ut
949 676 1036 713 quae

44 765 49 769 ,
83 725 170 760 Ιίιηι
186 722 380 773 peritura,
397 723 534 761 modis.
555 725 729 761 Hecaten
753 732 868 761 vocat
893 724 1033 771 altera,
1056 738 1195 765 saevam

84 785 218 822 Altera
236 784 497 835 Tisiphonen;
513 794 713 836 serpentes
734 793 850 836 atque
867 785 1021 823 videres

84 844 262 883 Infernas
283 858 417 884 errare
436 859 572 895 canes,
592 847 801 898 lunamque
821 845 1045 892 rubentem,
1274 861 1303 885 35

82 1069 206 1104 ageret,
225 1062 328 1093 veluti
350 1061 390 1091 de
411 1060 533 1102 Sagana
562 1061 668 1102 loqui-

82 1117 137 1140 tnr
165 1109 264 1151 supra
297 1108 403 1151 Epod.
438 1110 486 1145 V,
517 1108 590 1139 25:
619 1110 667 1139 Ae

83 1156 240 1199 expedita
259 1157 399 1200 Sagana
411 1166 476 1197 per
492 1162 594 1185 totam
608 1154 663 1185 do-

81 1214 170 1236 mum
184 1206 348 1247 Sparge-ns
355 1203 536 1234 Avernales
543 1213 658 1244 aquas.

79 1269 128 1276 —-
147 1252 226 1283 Cum
248 1248 386 1294 Sagand
402 1250 527 1292 majore
550 1261 562 1280 .·
579 1249 658 1281 hinc

79 1306 213 1342 apparet
236 1297 316 1329 duas
334 1298 430 1329 fuisse
445 1299 598 1340 Saganae,
615 1297 658 1328 al-

76 1353 179 1377 teram
196 1345 294 1376 altera
310 1346 483 1385 majorem,
504 1344 537 1376 h.
559 1356 587 1376 e.
612 1355 658 1375 se-

75 1394 214 1425 niorem.
230 1411 278 1416 —
289 1393 443 1434 Scalpere
455 1399 574 1422 terram
593 1394 657 1422 Un-

71 1440 190 1484 guibus
218 1452 229 1471 .·
253 1440 291 1471 ad
319 1437 467 1470 scrobem
497 1439 655 1470 effodien-

73 1488 166 1528 dam,
181 1498 256 1530 quae
279 1498 354 1530 pars
371 1493 439 1517 erat
451 1487 650 1529 magicorum

71 1545 237 1567 sacrorum
262 1535 439 1575 necessaria
452 1557 461 1572 ,
478 1540 517 1564 ut
541 1533 651 1564 videre

72 1589 120 1614 est
134 1581 223 1625 apnd
234 1583 416 1614 Homerum
426 1605 435 1620 ‚
451 1579 569 1622 Odyss.
582 1583 631 1613 XI
641 1605 649 1619 ‚

70 1628 147 1661 cnm
162 1630 296 1672 Ulysses
319 1629 436 1660 fossam
457 1630 578 1670 aperit,
599 1629 652 1660 Ti-

69 1678 160 1709 resiae
189 1687 300 1708 manes
327 1677 407 1707 mox
443 1682 648 1707 evocaturus.

69 1743 117 1749 —
144 1724 276 1756 Pallam
309 1724 460 1754 divellere
489 1722 649 1754 mor-dicits

68 1783 194 1816 agnam
214 1783 226 1802 :
243 1772 284 1803 ad
302 1770 533 1813 designandam
553 1780 647 1801 vene-

66 1819 203 1851 ficarum
241 1820 377 1850 istarum
409 1817 643 1849 crudelitatem.

66 1867 185 1899 Gladio
214 1867 302 1898 enim
339 1867 480 1896 victimae
507 1867 542 1895 in
573 1866 642 1896 aliis

65 1916 263 1947 caerimoniis
284 1915 414 1955 magicis
430 1913 639 1945 feriebantur.

22 1972 33 2001 '1
63 1978 112 1987 ·-
133 1963 235 1994 Cruor
253 1961 431 2003 infossam
457 1960 608 2003 confitsus
628 1972 640 1991 .-

63 2021 164 2042 crnor
176 2020 266 2052 agn-‘e
285 2009 453 2050 discet-piae
467 2010 504 2039 in
523 2008 639 2039 fossam

63 2058 157 2089 fusus
169 2064 233 2093 est.
252 2065 289 2088 ut
299 2080 308 2094 ,
323 2064 384 2088 etc.
402 2055 491 2086 Idem
504 2054 542 2085 fit
553 2054 640 2098 apud

63 2107 260 2142 Homerum,
289 2105 365 2135 loco
392 2105 506 2140 citato,
532 2111 564 2134 et
586 2103 638 2135 ea-

60 2152 134 2184 dem
147 2151 188 2182 de
200 2150 306 2183 eausa.
525 2165 528 2169 ·

109 2211 140 2240 7.
163 2201 301 2236 Lanea,
327 2210 400 2241 quoe
416 2197 525 2240 poenis
549 2208 636 2228 com-

52 2254 199 2290 pesceret
225 2246 412 2288 inferiorem
440 2258 450 2276 .·
483 2246 632 2287 puniret,

183 2303 232 2339 ΙΙ.

694 1771 843 1812 peritura
880 1771 984 1801 modis
1014 1782 1027 1800 .-

721 1060 944 1097 ulcisceretur,
979 1067 1148 1102 torqueret
1179 1074 1303 1096 ceream

719 1108 902 1151 imaginem.
925 1107 1038 1139 Solem
1051 1111 1138 1151 magi
1157 1117 1188 1140 et
1205 1122 1302 1143 vene-

717 1154 774 1185 fici
793 1154 953 1195 ejusmodi
974 1155 991 1186 e
1018 1154 1110 1194 cera,
1139 1158 1189 1188 vel
1210 1158 1298 1197 lami,

716 1203 873 1246 imagines
896 1202 1040 1233 condere
1053 1227 1062 1242 ‚
1083 1211 1115 1234 et
1131 1205 1166 1235 in
1184 1205 1249 1237 illis
1263 1219 1297 1237 ea

716 1251 859 1292 experiri
881 1251 1007 1288 omnia,
1032 1261 1106 1292 quae
1131 1253 1214 1283 vivis
1238 1254 1297 1285 ho-

714 1297 858 1328 minibus
882 1308 1023 1339 quorum
1037 1306 1114 1329 sunt
1130 1299 1194 1330 illae
1216 1301 1295 1332 ima-

712 1346 819 1386 gines,
839 1345 958 1375 volunt
971 1346 1120 1377 evenire:
1136 1357 1165 1377 v.
1178 1358 1209 1389 g.
1221 1347 1295 1379 cum

711 1399 817 1422 urunt
837 1392 999 1431 ejusmodi
1017 1394 1189 1435 imaginem
1202 1418 1210 1432 ,
1231 1398 1297 1427 nri·

711 1445 764 1470 tur
781 1439 901 1476 homo,
933 1446 995 1470 etc.
1022 1439 1070 1471 Ita
1091 1442 1231 1473 Ovidius
1253 1443 1293 1475 de

708 1486 825 1518 Medea
852 1488 887 1517 in
910 1488 1003 1528 episi.
1030 1489 1231 1530 Hypsipyles
1252 1492 1291 1522 ad

706 1535 860 1565 Jasonem
877 1544 885 1565 :
907 1535 1050 1564 Devovet
1063 1535 1224 1575 absentes,
1245 1539 1287 1569 si-

705 1582 917 1623 mulacraque
934 1592 1029 1612 cerea
1031 1582 1122 1626 figit,
1134 1585 1180 1614 Et
1193 1585 1287 1616 mise·

705 1640 775 1660 rum
792 1637 905 1660 termes
924 1628 957 1658 in
964 1629 1062 1671 jecur
1076 1639 1171 1673 urget
1185 1643 1283 1670 acus;

704 1687 736 1707 v.
757 1687 799 1718 91
812 1700 821 1715 ,
839 1687 895 1718 92.
911 1693 959 1700 --
982 1676 1083 1708 Cerea
1099 1679 1287 1720 suppliciter

701 1724 822 1762 stabat,
854 1723 1017 1754 servilibus
1042 1733 1079 1756 ue
1103 1737 1178 1768 qua·
1206 1728 1281 1758 Ιὰηι

1055 1774 1211 1815 supplicis
1243 1776 1280 1806 in

699 1828 841 1857 morem,
865 1829 901 1849 ac
924 1819 1033 1849 servili
1053 1822 1208 1861 patientia
1235 1823 1281 1854 le·

698 1866 817 1897 thalem
849 1865 890 1896 ab
918 1867 1058 1908 imagine
1088 1868 1180 1899 lanezi
1211 1871 1277 1901 vic-

695 1914 770 1944 trici
776 1915 880 1945 ictum
891 1921 1093 1955 exspectans.
1102 1916 1187 1947 Vide
1200 1928 1280 1959 qno—

696 1971 759 2002 que
780 1963 815 1992 in
840 1961 995 1993 Hem-iad.
1014 1970 1099 1994 cant.
1123 1966 1163 2001 V,
1190 1965 1275 2004 ejus-

695 2007 768 2039 dem
779 2010 906 2052 generis
922 2010 1004 2040 ritus
1013 2012 1156 2052 magicos
1166 2011 1183 2041 a
1198 2014 1276 2043 Sex-

694 2055 799 2086 decim
841 2057 920 2086 viris
956 2057 1069 2090 contra
1107 2059 1273 2090 Vale-‘sinin

693 2104 961 2145 Borboniumque
979 2103 1152 2137 adhibitos.
1164 2108 1277 2137 -He·

693 2159 788 2182 caten
801 2163 812 2182 :
825 2163 928 2182 unum
941 2153 959 2182 e
970 2153 1084 2183 Dianae
1091 2154 1160 2184 sive
1174 2155 1273 2185 Lnnae

692 2200 955 2240 cognominibus.
972 2200 1055 2230 Vide
1068 2201 1165 2242 supi-:i
1179 2209 1271 2232 notas

691 2247 726 2277 in
750 2247 855 2288 Epod.
882 2249 931 2286 V,
963 2249 1019 2279 51.
1047 2266 1093 2271 ——
1130 2247 1272 2289 Tisipho-

1089 2315 1136 2338 2¹2
