1422 2528
131 106 193 138 130

510 113 552 152 Q.
580 112 763 144 HORA'm
777 115 939 147 *FLACOE

232 168 248 200 ἂ
267 168 394 206 Mollis
409 183 528 220 opus:
544 182 676 223 pereat
695 174 808 222 male,
824 188 909 225 quae
929 183 966 212 te

127 244 141 260 ›>
159 228 296 265 Lesbia
314 232 499 279 quaerenti
514 241 683 282 taurum,
701 235 926 272 monstravit
941 235 1102 272 inertem
1115 262 1126 280 ‚

232 306 246 322 υ
264 292 360 327 Ct1m
377 291 470 328 mihi
484 294 583 330 Cous
602 293 748 332 adesset
759 298 960 344 Amyntas,

128 365 142 381 »
163 349 278 399 Cujus
294 350 333 387 in
347 351 532 389 indomito
551 355 785 391 constantior
797 355 952 404 inguine
965 367 1124 401 nervus,

234 426 249 443 ι»
268 413 390 457 Quam
403 424 503 448 nova
518 412 679 450 collibus
699 413 816 451 arbor
833 414 1006 452 inhaeret.
1283 428 1313 444 ²0

130 486 144 500 υ
162 469 374 508 Muricibus
391 472 516 520 Tyriis
534 473 680 510 iteratae
698 474 840 511 vellera
853 474 947 511 lanae
965 475 979 496 ⁶

235 546 250 563 »ι
267 531 337 568 Cui
350 531 679 581 properabantur?
691 533 779 571 Tibi
796 536 951 584 nempe3

128 610 141 625 υ
159 596 215 630 Ne
235 593 334 629 foret
353 593 514 642 aequales
535 593 634 631 inter
655 594 835 642 conviva,
852 593 970 645 magis
986 607 1099 645 quem

229 670 244 685 υ
264 652 448 702 Diligeret
463 653 599 690 mulier
614 666 699 701 sua,
713 658 827 704 quam
843 664 891 693 te.

124 728 138 744 »
156 713 190 748 Ο
213 724 283 762 ego
301 724 377 748 non
394 711 502 759 felix,
521 726 635 762 quam
655 722 696 750 tu
712 713 811 764 fugis
823 743 832 761 ,
849 722 891 751 ut
908 722 1022 764 pavet
1041 725 1147 750 acres
1278 722 1308 745 25

227 787 243 804 n
263 774 371 821 Agna
386 772 513 821 lupos,
529 785 751 823 capreaeque
770 774 918 811 leones!
929 791 943 805 »

120 933 167 956 ter
185 936 280 956 anum
294 926 380 957 illam
403 934 434 957 et
457 929 611 958 sermonis
631 939 684 958 ve-

122 971 305 1002 recundiam
316 973 330 1002 Ρ
344 990 391 996 ——
406 973 519 1004 Lesbia
534 986 544 1004 :
559 975 685 1005 famosae

120 1019 287 1058 cujusdam
302 1019 381 1050 lenae
393 1030 521 1051 nomen.
537 1038 584 1044 —-
594 1022 686 1061 Quoe-

120 1064 205 1095 renti
215 1073 341 1095 taurum
349 1076 360 1096 .·
372 1066 484 1096 fortem
495 1077 530 1096 ac
543 1067 685 1098 validum

119 1121 283 1142 sessorem.
310 1129 358 1135 —-
381 1112 463 1142 Coit's
493 1114 656 1152 Amyntas
673 1125 685 1144 .-

115 1157 242 1195 juvenis
265 1158 396 1198 quidam
411 1158 563 1188 robustus
579 1170 618 1189 ex
639 1160 686 1190 in-

116 1202 186 1233 sula
197 1204 446 1235 Coa—Nervus
458 1215 469 1234 .·
485 1205 576 1234 virile
590 1216 688 1235 mem-

117 1248 223 1280 brum.
238 1267 283 1274 --
298 1250 459 1280 Indomita
481 1261 493 1280 .·
518 1250 685 1292 ιιιωψιὲῐῑι

117 1295 298 1338 defatigato.
318 1313 364 1319 -—-
393 1296 618 1326 Constantior:
634 1296 685 1327 fir-

117 1342 201 1372 mior
219 1349 251 1372 et
273 1343 440 1373 intensior.
459 1359 506 1366 -—
522 1344 616 1374 Nova
635 1354 685 1373 ar-

116 1387 175 1418 bor
189 1398 201 1418 .·
223 1388 329 1424 arbor,
366 1398 433 1419 non
465 1394 590 1426 tenera,
618 1400 684 1419 non

118 1432 278 1464 recentifxs
306 1435 419 1471 insita3
440 1434 495 1465 sed
518 1435 624 1466 adulta
653 1443 685 1466 et

113 1481 249 1518 juvenili
258 1481 373 1511 robore
384 1481 551 1510 luxurians
563 1492 571 1517 ;
584 1492 680 1521 nova,

116 1536 155 1556 eo
167 1536 262 1556 seusu
272 1525 408 1564 tanthm,
419 1526 507 1567 quod
516 1522 684 1558 arboribus

117 1573 206 1602 senio
230 1572 450 1603 fatiscentibus
471 1573 604 1604 omnino
625 1573 687 1604 dis-

116 1618 226 1648 similis
243 1625 300 1650 est.

783 930 815 961 6.
841 929 1013 960 Muricibus
1049 929 1152 970 Tyriis
1184 929 1306 960 iteratae

740 974 827 1006 Ianae
855 987 867 1006 .·
899 983 937 1006 ut
964 976 1060 1017 supr-:⁸1
1088 975 1151 1008 Od.
1184 977 1234 1014 11,
1254 977 1305 1013 16,

742 1021 784 1052 36
803 1032 811 1053 :
829 1025 872 1053 Te
889 1021 934 1053 bis
957 1022 1040 1064 Afro
1061 1022 1177 1052 murice
1198 1021 1307 1052 tincta:

741 1068 886 1098 Vestiam
901 1069 988 1099 lanae
1006 1081 1019 1105 ;
1041 1079 1175 1099 munera
1200 1069 1261 1110 ipsi
1290 1068 1306 1098 εὶ

739 1125 772 1144 se
787 1115 893 1144 oblata
916 1115 1053 1155 turpiter
1065 1115 1187 1153 objicit.
1201 1132 1246 1138 --—
1256 1115 1308 1144 Ne

729 1159 821 1201 fimet
828 1161 968 1201 aequales
977 1160 1062 1191 inter
1070 1160 1209 1197 conviva,
1223 1167 1283 1190 etc.
1297 1170 1305 1190 :

738 1217 778 1236 ne
800 1213 830 1236 te
852 1216 927 1236 cum
953 1207 1061 1236 amicis
1086 1207 1149 1236 tuis
1173 1216 1303 1247 compo-

738 1258 859 1282 tantem
885 1253 969 1282 ullus
996 1253 1074 1283 alius
1098 1252 1306 1291 juvenis‚in-

738 1298 931 1339 signioribus
957 1299 1172 1337 vestimentis,
1197 1299 1306 1328 amicae

737 1354 802 1374 suae
816 1345 1020 1382 muneribus,
1035 1345 1166 1375 vincere
1201 1351 1306 1386 queat.

737 1407 783 1413 —-
805 1393 846 1420 Ue
851 1397 950 1430 pavet
967 1400 1058 1421 acres
1071 1391 1172 1432 Agna
1196 1391 1302 1431 lupos,

738 1447 925 1477 capreaeque
949 1437 1057 1466 leones
1070 1447 1081 1466 :
1097 1446 1138 1467 ex
1156 1437 1308 1468 Theocri-

738 1488 788 1519 to,
813 1484 876 1519 XI,
910 1488 952 1519 24
970 1493 978 1514 ;
1009 1482 1136 1527 Φεύγεις
1155 1479 1185 1513 δ’
1202 1481 1304 1525 ὥσπερ

739 1525 782 1563 ὄϊς
799 1529 906 1559 πολιὸν
919 1527 1010 1559 λύκον
1030 1526 1202 1572 &op-ticam.
1222 1529 1305 1560 Vide

739 1573 854 1617 sapt-in,
872 1575 976 1616 Epod.
997 1577 1053 1614 IV,
1075 1586 1103 1607 1.
1122 1604 1124 1607 ,
