1422 2528
115 101 176 136 114

493 103 533 143 Q.
561 103 744 135 HonATn
765 102 915 138 FLAcm

318 158 427 196 Vires
443 159 535 208 quid
555 169 710 198 enervet
726 173 828 199 meas
847 164 855 198 !

217 221 344 266 Quum
359 219 406 256 sit
419 219 490 257 tibi
503 219 595 257 dens
609 229 700 268 ater,
723 231 760 259 et
774 222 878 272 rugis
895 230 1006 260 vetus

320 281 500 316 Frontem
519 287 692 317 senectus
710 288 723 302 ²
743 290 892 327 exaret,

218 336 383 386 Hietque
397 338 518 387 turpis
534 339 633 375 inter
649 338 774 376 aridas
793 349 898 378 nates
1282 348 1295 373 ⁵

323 397 473 444 Podex,
490 398 594 436 velut
613 397 741 436 crudae
759 398 882 439 bovis.

218 456 292 495 Sed
311 458 442 496 incitat
461 471 520 496 me
538 467 671 509 pectus
689 458 718 507 3,
739 468 776 497 et
788 473 961 498 mammae
981 468 1131 510 putres,

324 520 472 568 Equina
488 521 617 569 quales
633 519 770 566 ubera,

222 580 439 629 Venterque
453 580 593 627 mollis,
614 590 651 617 et
671 580 794 617 femur
812 580 1044 618 tumentibus

323 641 429 678 Exile
448 641 545 678 suris
562 640 743 678 additum.
1271 657 1300 673 ω

218 702 307 738 Esto
326 700 440 738 beata
459 702 493 748 4,
515 702 627 739 funus
651 710 764 750 atque
782 700 965 750 imagines

323 761 472 798 Ducant
488 760 735 810 triumphales
752 768 877 806 tuum3

217 821 298 857 Nec
319 820 366 858 sit
381 821 532 867 marita,
552 833 638 870 quae
657 819 946 858 rotundioribus

327 881 474 918 Onusta
486 879 612 918 baccis
627 879 807 917 ambulet.

113 1038 192 1080 quid
209 1037 393 1068 cadaverosi
413 1037 553 1076 redoles,
573 1044 676 1078 putes.

114 1102 160 1109 -—-
189 1085 277 1115 Vires
305 1083 386 1126 quid
407 1091 533 1114 enervet
558 1094 647 1114 meas
666 1095 677 1114 :

114 1131 192 1173 quid
218 1131 278 1161 tibi
311 1129 523 1171 nequicquzim
560 1130 678 1160 sollici-

114 1178 195 1208 tanti
207 1175 359 1218 frigidum
370 1187 421 1206 me
439 1183 470 1207 et
483 1175 615 1207 omnino
626 1177 679 1206 in-

114 1224 253 1255 habilem
268 1223 438 1264 relinquat.

164 1281 195 1301 2.
212 1271 307 1300 Vetus
332 1276 473 1299 senectus
493 1279 504 1298 .-
528 1278 604 1298 cave
628 1268 681 1298 bic

115 1317 333 1358 pleonasmum
354 1315 473 1352 videas3
486 1321 682 1346 senectutem

115 1363 265 1404 intelligit
285 1371 350 1393 non
383 1361 524 1392 viridem
555 1368 586 1392 et
616 1371 680 1391 cru-

105 1402 207 1448 'dam,
223 1416 260 1440 ut
275 1410 318 1439 ait
341 1408 380 1438 de
404 1408 563 1439 Charonte
576 1408 682 1449 Virgi-

116 1457 191 1493 lius,
202 1458 273 1486 AEn.
283 1456 339 1492 VI,
353 1455 428 1492 304,
443 1454 498 1484 sed
509 1453 643 1484 effaetam
652 1460 683 1483 et

116 1503 310 1543 decrepitam
321 1524 330 1539 ‚
348 1508 416 1531 atro
427 1500 571 1530 dentium
584 1500 686 1540 squal-

117 1549 186 1579 lore
225 1554 255 1578 et
284 1548 370 1589 rugis
407 1546 544 1578 anilibus
575 1545 684 1576 detur-

117 1602 235 1636 patam.
247 1611 295 1618 --
310 1594 446 1634 Hietque
466 1592 581 1633 turpis,
597 1599 657 1622 etc.
674 1601 682 1623 τ

119 1643 207 1682 quasi
222 1652 255 1672 se
273 1651 330 1681 per
346 1639 507 1670 infandam
526 1641 683 1669 Venerem

119 1696 151 1718 et
167 1686 278 1718 contra
294 1693 418 1717 naturae
442 1686 525 1728 leges
551 1685 685 1726 saepissi-

120 1735 170 1764 me
187 1734 398 1775 prostituerit.
418 1749 464 1755 —-
480 1734 511 1761 V
509 1731 685 1762 elitccrudae

122 1780 203 1811 bovis
212 1791 222 1809 :
232 1778 320 1810 velut
333 1789 436 1809 vaccae
449 1789 520 1819 quae
529 1777 683 1808 cruditate

122 1827 258 1862 laborat,
285 1826 338 1855 cui
353 1824 535 1866 foedissima
563 1823 684 1854 ‘ventris

118 1872 289 1914 proluvies,
313 1870 434 1902 AEneid.
454 1871 532 1902 216.
549 1871 686 1901 Nauseo-

121 1930 187 1950 sam
212 1915 341 1960 prorsus
370 1918 559 1958 imaginem,
582 1926 687 1956 neque

124 1965 295 1996 verborum
313 1962 458 2001 delectu,
483 1970 519 1993 ut
535 1964 568 1992 in
584 1963 688 2003 Virgi-

122 2013 183 2048 lio,
198 2011 419 2051 temperatam!
467 2044 469 2046 Ι

169 2051 203 2088 ι3.
224 2052 290 2087 Sed
303 2055 417 2086 incitat
432 2066 481 2086 me
495 2066 505 2085 :
524 2054 625 2084 ironia
636 2063 687 2094 pa-

124 2111 180 2135 tet.
205 2121 251 2127 —
270 2104 424 2134 Mammoe
448 2098 556 2142 putres
574 2111 585 2130 :
619 2109 686 2129 non

124 2149 232 2182 solidae
250 2155 282 2180 et
303 2155 481 2190 turgentes,
500 2147 554 2178 sed
575 2145 686 2176 solutae

125 2205 155 2228 et
179 2196 360 2238 pendentes¹
389 2211 435 2218 -
456 2193 617 2236 Etsemur
642 2199 686 2223 tu-

733 1035 884 1068 mentibus
907 1036 1006 1067 Exile
1031 1037 1111 1068 suris
1133 1037 1300 1069 additum:

732 1084 859 1114 femoris
877 1084 912 1112 in
931 1082 1058 1113 decenti
1070 1083 1298 1122 crassitudine,

733 1139 878 1160 surarum
893 1129 910 1158 ὲ
928 1128 1039 1159 contra
1051 1129 1102 1160 vel
1118 1140 1249 1161 crurum
1263 1132 1299 1161 in

732 1174 905 1218 gracilitate
911 1175 1120 1216 pulchritudo
1127 1182 1184 1207 est.
1191 1177 1303 1218 Exop-

733 1219 836 1263 posita
856 1219 1015 1251 structuri
1032 1228 1210 1252 monstrum
1224 1224 1301 1254 exit.

781 1274 812 1304 4.
822 1269 899 1297 Esto
913 1267 1009 1297 beata
1023 1278 1034 1297 .·
1051 1269 1095 1298 sis*
1108 1267 1213 1306 dives3
1225 1269 1303 1309 quid

735 1312 774 1343 ad
784 1314 872 1344 rem?
880 1315 1035 1344 -Funus
1043 1322 1140 1356 atque
1150 1313 1304 1357 imagines

737 1361 869 1390 Ducant
878 1359 1086 1401 triumphales
1096 1369 1183 1392 tuum
1192 1372 1204 1392 .·
1213 1361 1304 1392 nobi-

735 1407 815 1437 lium
829 1408 971 1437 virorum
982 1414 1014 1437 et
1025 1413 1241 1438 matronarum
1252 1418 1304 1438 ex-

737 1454 853 1494 sequiis
879 1452 1130 1494 praeferebantur
1151 1453 1302 1495 imagines

737 1500 890 1538 majorum
901 1521 909 1535 ‚
931 1500 1015 1530 inter
1029 1509 1106 1541 quas
1122 1499 1303 1530 eminebant

737 1545 854 1576 ducum
871 1543 1002 1587 effigies,
1015 1546 1072 1587 qui
1082 1545 1235 1586 triumphi
1244 1545 1303 1577 ho-

737 1602 830 1622 nores
858 1592 1078 1623 obtinuerant.
1095 1610 1142 1616 ——
1162 1593 1242 1632 Quoe
1255 1602 1302 1622 ro-

736 1637 929 1668 eundioribus
956 1639 1080 1669 Onusta
1104 1637 1210 1669 baccis
1235 1649 1302 1668 am-

737 1684 822 1714 bulet
842 1695 854 1714 :
881 1685 1062 1726 margaritas
1088 1685 1140 1715 vel
1165 1685 1300 1715 uniones

737 1731 900 1772 designat,
916 1730 1052 1772 quibuS‚
1069 1731 1096 1761 si
1113 1730 1217 1762 Plinio
1233 1741 1300 1761 cre—

737 1777 860 1814 dimus,
881 1778 946 1813 lx,
976 1777 1039 1814 35,
1061 1775 1119 1807 dos
1140 1777 1243 1807 omnis
1267 1777 1301 1806 iu

737 1823 888 1866 candore,
895 1821 1124 1864 magnitudine,
1134 1821 1211 1852 orbe
1218 1821 1303 1862 (quae

740 1880 804 1900 vox
827 1868 912 1899 idem
934 1869 1016 1899 valet
1040 1877 1075 1898 ac
1099 1867 1301 1909 rotunditas)

738 1916 863 1952 levore,
877 1914 1017 1955 pondere
1036 1914 1190 1944 consistit.
1206 1914 1305 1944 Unio-

739 1972 795 1992 nes
822 1960 988 1999 manibus,
1011 1959 1154 1997 auribus,
1179 1960 1299 2000 capite,

739 2008 815 2048 ipsis
831 2006 982 2048 pedibus,
1000 2011 1070 2036 toto
1082 2005 1220 2046 denique
1237 2015 1303 2035 cor-

739 2064 817 2095 pore
832 2053 957 2083 feminae
980 2053 1102 2093 virique
1121 2051 1303 2094 gestabant;

739 2106 832 2130 tantae
840 2106 929 2130 erant
938 2101 1154 2131 Romanorum
1165 2097 1302 2128 deliciae!

739 2145 903 2182 Arnbulet,
930 2144 1087 2185 superbiae
1110 2151 1140 2175 et
1164 2150 1300 2175 ostenta-

739 2193 832 2223 tionis
857 2192 1019 2223 notionem
1035 2190 1140 2221 trahit.
