1422 2528
545 169 626 201 Lm.
650 169 698 201 1v
723 169 812 201 ODE
836 170 930 202 xtv.
1305 169 1347 209 67

130 326 254 339 mss-¹⁸
260 327 1353 347 ιἏἊὯΜἵνὶνᾋωςῶς-Λὶωωωιὶαςιὶωννιςνὶωκκ

285 475 450 533 ODE
494 472 811 532 DECIMA
858 465 1199 550 QUARTA

470 651 563 695 AD
609 652 1024 697 AUGUSTUM.

136 827 246 856 Iussus
273 822 315 854 ab
345 822 509 864 Augusto,
537 819 625 852 utin
651 821 858 865 A5rgumento
879 821 927 851 ad
950 828 1102 863 quartam
1127 819 1258 863 hujusce
1286 819 1359 851 libri

183 879 267 911 oden
274 877 350 920 jam
369 876 493 908 dictum
515 884 582 914 esc,
597 883 790 917 -reportatas
807 876 849 907 de
865 875 987 907 Rhaetis
1003 884 1036 906 et
1056 875 1238 907 Vindelicis
1256 876 1279 907 ὰ
1305 876 1359 907 Τι’-

183 933 271 967 berio
286 939 322 963 et
342 931 364 962 ὰ
382 933 488 962 Druso
511 931 668 962 victorias
687 931 868 968 celebrare,
893 930 1038 973 priorem
1059 931 1203 962 muneris
1221 932 1274 963 sui
1281 943 1360 974 par-

184 997 248 1021 tem
261 988 295 1020 in
308 987 455 1020 carmine
467 986 567 1018 citato
586 995 783 1028 exsequutus
797 987 970 1025 Horatius,
994 987 1042 1017 ad
1057 988 1199 1018 alteram
1217 989 1336 1020 transit
1351 1011 1360 1028 ,

185 1052 218 1077 et
228 1044 360 1083 brevius,
379 1052 414 1075 ut
426 1043 579 1082 decebat,
596 1050 850 1074 commemorato
867 1042 969 1074 Drusi
981 1043 1130 1081 nomine,
1154 1040 1280 1075 Tiberii
1291 1045 1362 1076 Iau-

186 1101 278 1133 dibus
299 1100 443 1138 insistit;
461 1099 508 1131 ιἰὰ
531 1099 643 1131 tamen
651 1123 663 1138 ,
680 1107 716 1130 ut
726 1107 860 1141 parcam
878 1099 920 1130 ab
944 1107 1080 1142 utroque
1098 1099 1244 1143 gloriam
1261 1100 1363 1142 adop-

191 1157 255 1190 tivo
270 1168 380 1189 eorum
397 1155 491 1198 patri
513 1155 651 1199 resi-rae,
670 1154 848 1197 omniaque
872 1155 1035 1194 consiliis,
1059 1155 1234 1194 militibus)
1254 1156 1366 1198 auspi-

189 1213 309 1257 ciisque
327 1231 331 1234 ·
338 1213 487 1255 paternis
522 1212 680 1255 prospere
706 1208 813 1253 facta
845 1210 1000 1256 affirmet.
1044 1211 1187 1255 Augusti
1221 1212 1362 1254 denique

191 1268 370 1305 encomium
394 1268 514 1299 directe
540 1267 740 1311 aggreditur,
772 1274 807 1298 ee
825 1275 940 1310 gentes
966 1267 1035 1310 ejus
1056 1266 1191 1309 imperio
1218 1267 1361 1299 subditas

191 1323 366 1369 magnifico
379 1323 552 1356 verborum
568 1330 688 1355 ornatu
704 1329 887 1354 enumerat.

252 1498 346 1543 sz
365 1494 458 1531 eura
472 1495 647 1541 Patrum,
663 1505 799 1543 quaeve
820 1491 1035 1539 Quiritium
1059 1500 1069 1515 ¹
1081 1520 1095 1538 ‚

250 1555 375 1594 Plenis
392 1554 586 1592 honorum
599 1552 825 1591 muneribus
846 1562 930 1591 tuas
945 1583 956 1602 ‚

304 1619 497 1666 Auguste,
516 1615 680 1653 virtutes
700 1615 740 1651 in
761 1627 888 1652 aevum

357 1679 433 1715 Per
449 1676 580 1715 titulos
596 1688 863 1727 memoresque
878 1676 996 1714 fastos

194 1882 224 1904 1.
252 1872 332 1913 Quoe
349 1865 446 1912 cura}
453 1871 605 1906 Patr-nm,
634 1879 726 1909 quoe-

146 1929 182 1950 ve
195 1917 367 1961 Quiritium
378 1927 389 1947 .·
407 1926 519 1947 sensus
540 1925 549 1946 :
564 1915 727 1957 quidquid

146 1973 280 2004 ment,
298 1963 460 2007 quidquid
478 1962 654 1993 moliamur
677 1971 726 1994 se·-

146 2020 240 2044 natus
253 2012 461 2055 populusque
483 2013 667 2047 Romanus,
685 2010 725 2041 ad

148 2060 284 2091 virtutes
303 2066 377 2090 tuas
394 2057 630 2089 immortalitati
646 2068 724 2088 cou-

148 2107 334 2145 sectandas,
349 2104 521 2147 nunquam
544 2104 593 2135 sat
610 2104 726 2146 dignos

149 2153 289 2185 honores
307 2154 369 2186 tibi
394 2154 578 2184 decernent.
594 2153 644 2182 De
666 2151 727 2183 hac

152 2211 254 2239 voce,
283 2201 442 2243 Quirites,
470 2199 537 2231 vid.
564 2206 634 2231 not.
665 2201 704 2230 13
716 2221 726 2237 ,

153 2247 250 2290 supra
273 2248 336 2280 od.
367 2250 400 2287 Ι,
420 2259 459 2286 2,
486 2247 602 2284 46.--
617 2245 728 2278 Pleuis

152 2293 307 2327 honorum
339 2294 522 2328 muneribus
535 2305 548 2325 :
578 2305 654 2326 cave
685 2305 727 2326 ne

779 1867 864 1899 hanc
889 1878 1019 1906 vocem,
1043 1867 1223 1907 honorum,
1242 1869 1283 1902 ab
1310 1869 1365 1901 ad-

776 1916 916 1956 jectivo,
937 1916 1068 1957 plenis,
1090 1917 1160 1958 regi
1187 1917 1363 1949 existimes.

780 1964 833 1995 Sic
852 1970 1029 1995 construe:
1055 1964 1239 1994 muneribus
1260 1963 1369 2005 hono-—

779 2021 867 2048 rum,
883 2009 1067 2042 honoribus
1082 2011 1117 2041 in
1140 2013 1187 2042 tui
1212 2023 1364 2044 remune-

779 2059 941 2088 rationem
957 2057 1002 2090 ita
1018 2059 1207 2098 cumulatis,
1223 2066 1261 2090 ut
1272 2061 1367 2101 pleni

781 2106 866 2144 sint,
881 2105 914 2136 h.
936 2117 963 2137 e.
988 2106 1120 2136 ut'satis
1139 2107 1245 2148 ampla
1263 2109 1364 2139 virtu-

781 2159 851 2183 tum
878 2160 1008 2183 marum
1032 2154 1165 2195 praemia
1180 2153 1362 2185 videantur.

780 2217 829 2224 —
845 2201 886 2230 In
896 2211 999 2231 oevum
1013 2198 1060 2230 AE
1062 2208 1166 2231 temet
1176 2212 1188 2231 :
1205 2201 1244 2231 ad
1264 2212 1366 2232 remo-

782 2248 917 2278 tissimas
943 2245 1045 2288 usqu&
1070 2255 1177 2278 aetates
1207 2249 1367 2279 transmit-

782 2301 838 2334 tat,
846 2306 909 2336 per
919 2294 1028 2326 titulos
1037 2296 1150 2326 statuis
1159 2296 1194 2326 in
1206 2295 1366 2327 honorem
