1422 2528
32 9 39 14 .
94 7 103 21 s
581 15 598 35 .

531 104 613 135 LIB.
637 104 669 135 V
694 103 783 135 ODE
810 103 888 134 vn.

1266 113 1328 134 111

217 166 390 203 Intactus
408 173 476 202 aut
491 164 697 203 Britannus
717 174 761 203 ut
782 164 1034 203 descenderet

325 227 445 264 Sacra
465 234 665 264 catenatus
682 226 775 275 Vi÷⁴13

218 285 294 324 Sed
314 294 376 334 ut,
396 286 608 325 secundum
623 296 715 325 vota
730 287 984 337 Parthorum,
1004 289 1075 326 suri

279 352 282 355 ⁴
327 347 432 386 Urbs
446 347 529 388 haec
541 349 688 401 periret
703 349 875 388 dextera.
1300 366 1329 382 ω

218 408 355 460 Neque
374 410 438 449 hic
455 410 558 462 lupis
577 423 661 450 mos
678 410 714 459 3;
732 425 805 449 nec
823 411 898 450 fuit
914 410 1092 450 leonibus

326 473 555 522 Nunquam,
574 472 650 511 nisi
666 473 706 510 in
723 472 867 524 dispar,
887 472 990 511 feris.

217 534 391 572 Furorne
406 547 530 572 caecus
546 534 581 584 4,
603 547 652 573 an
670 534 775 587 rapit
791 534 850 573 vis
865 534 1016 572 acrior?

108 694 248 728 effusum
273 701 338 732 est,
357 694 415 726 sed
432 695 506 735 jure
519 718 528 733 ‚
543 694 599 727 sed
623 706 687 727 me-

107 743 191 782 rito,
208 740 286 773 cnm
299 742 327 773 is
345 744 454 773 exitus
468 742 606 774 caedium
622 743 689 774 sue·

107 791 168 829 rit,
188 796 227 821 ut
250 791 364 821 civitas
387 801 460 831 qnae
488 792 608 822 summi
630 791 689 822 im-

106 838 190 881 perii
213 836 348 880 gloriam
375 839 460 869 Rom
502 838 529 868 is
561 837 688 870 invide-

106 884 181 924 bat,
209 883 341 926 penitus
368 885 628 917 exscinderetur.
639 903 688 911 -—·

107 932 256 964 Intactas
270 939 331 963 aue
343 931 521 963 Britannus
534 944 547 963 .·
562 934 689 964 Britan-

108 980 144 1011 ni
163 977 314 1011 nondum
338 979 455 1019 adjecti
472 979 604 1011 fuerant
628 982 689 1011 im-

105 1027 199 1069 perio
221 1029 386 1066 Romano3
404 1027 472 1059 vid.
498 1026 597 1069 supra
623 1028 688 1060 Od.

106 1075 177 1113 111,
197 1074 230 1114 5,
248 1075 266 1106 3
277 1098 287 1115 ‚
304 1082 338 1106 et
351 1082 529 1107 notam.—-
542 1077 688 1106 Descen-

105 1121 200 1153 deret
208 1119 313 1153 Sacra
325 1130 496 1154 catenatus
507 1120 571 1153 vid
588 1134 600 1154 .·
611 1124 690 1155 victi

106 1179 197 1211 reges
227 1177 261 1201 et
287 1169 385 1202 duces
414 1181 548 1202 currum
570 1171 686 1202 trium-

105 1216 238 1258 phamis
277 1219 432 1257 victoris,
465 1229 524 1260 per
555 1218 685 1251 Sacram

105 1265 203 1295 Viam
214 1265 252 1296 in
262 1265 461 1308 Capitolium
471 1265 685 1306 ascendentis,

105 1318 159 1351 et,
174 1318 250 1354 post
281 1320 411 1355 peracta
443 1312 623 1352 sacrificia,
644 1325 687 1345 ex

105 1369 146 1390 eo
162 1358 390 1392 descendentis
412 1360 594 1403 praecedere
613 1362 687 1392 vin·

107 1405 189 1438 culis
217 1409 387 1439 constricti
410 1408 622 1450 cogebantur.
639 1427 687 1433 —-

108 1453 293 1485 &mudum
330 1461 416 1486 vota
454 1454 652 1487 Parthorum
673 1467 686 1487 .-

106 1500 235 1540 Parthi,
274 1503 430 1533 Romanis
465 1502 687 1535 infensissimi.

106 1547 208 1580 Porro
225 1548 310 1579 nihil
328 1549 453 1580 felicius
474 1550 600 1591 populo
621 1552 689 1583 cui-

106 1594 188 1626 libet
199 1594 296 1636 quam
309 1597 337 1626 si
345 1597 489 1639 populns
504 1598 559 1628 cui
570 1596 684 1628 adver-

107 1648 197 1673 satur
211 1642 278 1673 suis
299 1654 332 1674 se
347 1643 498 1675 manibus
517 1644 682 1677 dilaceret.

154 1690 186 1721 3.
203 1690 320 1732 Neque
344 1690 395 1722 hic
415 1691 502 1732 lupis
517 1702 587 1723 mos
602 1703 614 1723 .·
633 1692 684 1723 lo-

104 1747 181 1768 cum
203 1736 298 1768 illum
315 1737 335 1769 ἒι
359 1739 481 1777 Plinio,
503 1739 588 1771 Hist.
615 1746 683 1772 nat.

105 1785 192 1823 VII,
215 1794 244 1824 1,
265 1784 497 1827 amplificatum
510 1786 616 1828 legere
631 1786 684 1819 hic

104 1833 268 1863 neminem
278 1833 461 1874 poenitebit.
476 1834 602 1865 Caecera
613 1834 686 1865 ani-

105 1878 235 1910 mantia
249 1878 285 1910 in
300 1891 358 1911 suo
376 1892 499 1924 genere
512 1881 615 1922 probe
633 1882 687 1913 de-

103 1933 206 1969 gunt,·
214 1937 408 1971 congregare
404 1927 569 1959 videmus
578 1936 611 1959 et
618 1937 686 1960 sta-

106 1983 141 2004 re
156 1973 269 2005 contra
283 1974 479 2012 dissimilia;
485 1975 683 2020 Ieomcmfe-

107 2019 186 2052 ritas
200 2019 287 2053 inter
301 2033 336 2054 se
358 2034 424 2054 non
447 2022 604 2061 dzmicae,·
618 2034 684 2054 ser-

101 2075 240 2109 pentum
270 2080 392 2101 morsus
419 2081 487 2101 non
506 2070 595 2112 petit
622 2082 686 2101 ser-

99 2122 219 2156 pentes
229 2127 243 2154 ‚·
254 2127 296 2148 ne
308 2117 409 2148 maris
422 2117 553 2159 quidem
569 2117 686 2149 belluoe

104 2172 147 2193 ae
157 2162 262 2204 pisces
270 2186 281 2201 ,
299 2164 362 2196 nisi
373 2165 406 2196 in
422 2164 548 2196 diversa
559 2175 686 2207 genera

102 2209 258 2248 Μενίππη
287 2219 342 2252 ae,
367 2212 531 2244 Hercule!
562 2211 688 2243 homini

95 2257 244 2298 plurima
262 2268 306 2290 ea:
330 2259 461 2292 homine
482 2267 559 2291 sunt
580 2260 683 2292 mala.

741 694 911 738 Legendus
945 704 1075 737 quoque
1116 694 1152 724 in
1183 691 1327 724 eamdem

741 744 936 774 sententiam
952 744 972 774 J
975 741 1133 780 nvenalis,
1141 743 1202 773 XV
1211 764 1219 779 ‚
1241 741 1304 771 160
1315 750 1324 772 :

745 790 888 832 Quando
903 789 993 831 leoni
1004 788 1132 820 Fortior
1147 787 1264 830 eripuit
1277 785 1330 818 ‘vt‘-

742 844 813 868 tam
839 838 916 868 leo?
934 848 999 880 quo
1025 847 1156 867 nemore
1179 834 1325 877 unquam

742 885 921 927 Expiravc't
936 895 1018 926 aper
1031 883 1166 925 majoris
1181 882 1327 914 dentibus

742 934 817 974 apri
831 936 849 963 .³
851 956 912 965 .....
944 934 1007 964 Ast
1027 930 1153 962 homini
1174 930 1300 972 serrum
1312 954 1323 967 ,

743 987 803 1011 etc.
818 981 933 1022 Neque
947 978 1201 1021 pulcherrimam
1223 978 1327 1009 Boloei

743 1028 850 1058 nostri
874 1028 1107 1065 imitationem,
1132 1028 1196 1058 Sat.
1222 1027 1325 1064 VIII,

744 1075 908 1106 oblivioso
923 1085 1068 1116 premam
1079 1073 1225 1105 silentio:
1240 1075 1273 1102 V
1269 1072 1328 1104 οἰτ-

741 1133 787 1153 on
810 1122 858 1153 les
883 1122 977 1163 Ioups
1003 1121 1176 1164 brigands,
1198 1131 1326 1151 comme

742 1181 823 1201 nous
853 1169 1059 1207 inhumaim,
1079 1171 1169 1200 Pour
1186 1167 1328 1199 de'erous-

739 1229 793 1249 ser
811 1217 859 1248 les
882 1218 975 1259 loups
1002 1216 1111 1247 courir
1128 1217 1175 1248 les
1198 1216 1327 1259 grands

739 1264 911 1296 chemins?
914 1289 975 1297 .....
1006 1263 1176 1295 L'animal
1203 1264 1233 1294 le
1249 1263 1328 1304 plus

729 1312 801 1357 fier
816 1312 1009 1355 qu’ensante
1024 1312 1058 1343 Ia
1074 1319 1207 1348 natum,
1227 1311 1326 1341 Dans

742 1371 786 1391 un
808 1367 901 1390 autre
923 1359 1054 1390 animal
1077 1365 1219 1400 respecte
1238 1369 1275 1388 sa
1278 1357 1327 1400 fi-

739 1418 832 1450 gure.
851 1409 957 1448 Quem
977 1406 1108 1448 quidem
1123 1412 1326 1447 postremum

742 1465 890 1493 versum,
916 1455 987 1484 sine
1015 1464 1134 1496 magno
1156 1453 1270 1484 labore
1295 1460 1328 1483 et

742 1500 839 1540 cura,
865 1503 902 1532 in
929 1500 1015 1532 oden
1031 1511 1123 1531 suam
1147 1499 1188 1531 ad
1205 1499 1328 1531 Helve-

742 1550 806 1580 tios
838 1549 1004 1579 transtulit
1034 1550 1208 1580 Russaeus:
1231 1548 1327 1578 Dans

741 1607 785 1627 un
817 1604 911 1627 autre
950 1596 1019 1627 lion
1049 1602 1236 1637 respectant
1266 1605 1325 1625 son

739 1643 858 1686 image.
874 1661 923 1667 ·-
939 1642 1121 1685 Nunquam
1142 1653 1155 1673 .·
1175 1640 1252 1672 alitis
1276 1641 1325 1672 le-

737 1691 834 1733 gitur,
851 1690 996 1732 unquam
1007 1714 1016 1727 ,
1044 1691 1216 1732 negatione
1236 1699 1324 1731 repe-

738 1736 798 1769 titi
815 1737 833 1768 ὲ
848 1739 1079 1778 conjunctione
1103 1747 1207 1779 neque
1215 1748 1229 1773 ;
1260 1747 1325 1767 ma·

737 1786 797 1817 lim
823 1785 946 1828 legere,
977 1784 1162 1826 nunquam,
1190 1781 1266 1814 cnm
1283 1783 1324 1814 ad

739 1832 964 1875 perfectiorem
983 1842 1115 1863 sensum
1129 1831 1252 1873 duplex
1267 1842 1324 1862 ne-

739 1881 826 1923 gatio
855 1880 1032 1911 necessaria
1061 1879 1223 1915 videatur,
1251 1889 1319 1909 non

740 1927 811 1959 iscis
847 1927 987 1958 moribus
1027 1934 1160 1958 utuntur
1192 1926 1262 1967 lupi
1292 1934 1324 1957 et

740 1975 854 2006 leones
874 1974 931 2016 qui
947 1973 1118 2016 nunquam
1128 1972 1207 2017 seri
1222 1981 1320 2011 sunt,

738 2023 819 2060 nisi,
831 2029 891 2053 etc.
913 2023 1032 2053 Manca
1059 2028 1092 2052 et
1110 2021 1224 2052 mutila
1241 2027 1323 2052 esset

738 2069 833 2101 aliter
853 2070 953 2100 totius
974 2068 1128 2111 phraseos
1146 2074 1321 2099 structura.

739 2116 816 2148 Nisi
826 2116 860 2148 in
877 2116 992 2158 dispar
1003 2126 1015 2146 .-
1034 2115 1187 2153 subaudi,
1205 2125 1320 2158 genus.

787 2170 820 2202 4.
844 2165 989 2195 Furorne
1013 2174 1134 2201 coecus,
1164 2162 1209 2193 ὰιι
1235 2162 1322 2202 rapie

738 2210 794 2242 vis
806 2211 926 2250 acrior,
942 2213 997 2242 Aa
1017 2211 1140 2252 culpa?
1159 2209 1265 2240 tribus
1279 2210 1321 2239 is-

739 2259 780 2290 tis
797 2258 838 2290 de
865 2259 970 2290 causis
989 2258 1139 2290 homiues
1157 2257 1191 2287 in
1207 2265 1320 2298 pravas
