1404 2522
680 115 756 159 xvi

126 198 338 254 acquisitis
365 214 409 242 se
433 199 557 242 unice
582 211 852 254 contentum,
870 201 914 242 in
930 201 980 242 iis
1005 199 1167 254 vivere,
1183 192 1231 253 ae
1249 210 1311 239 se·-

127 262 192 302 rio
219 264 425 318 exultare,
451 279 547 305 cum
567 276 609 306 et
632 265 811 307 inimicis
839 282 884 308 se
911 264 1166 323 placabilem
1181 261 1310 306 fuisse

127 325 320 369 fateatur.
1163 344 1169 350 “’

185 393 310 435 Mitto
338 410 453 435 nunc
482 396 806 453 sapientissimas
841 397 929 448 ejus
959 411 1083 438 voces
1116 395 1168 436 de
1196 383 1311 452 sper-

128 455 278 498 nendis
296 459 466 516 opibus,
492 460 545 502 de
571 461 767 502 felicitate
794 476 844 502 ex
871 461 920 502 iis
939 460 1057 502 haud
1081 459 1311 517 speranda,

130 521 197 564 de*
206 525 322 575 justo
358 528 624 568 conscientiae
657 527 864 581 examine,
897 526 950 568 de
979 527 1085 569 seria
1112 526 1311 567 vitiorum

130 590 418 644 confessione,
435 593 487 634 de
501 592 765 635 emendando
779 592 1138 651 expurgandoque
1151 592 1312 645 animo,

130 653 183 696 de
204 657 287 697 vita
302 657 356 699 ad
373 659 504 700 varias
530 658 794 701 conditiones
808 657 1103 716 componenda
1119 667 1160 698 et
1173 657 1309 698 refor-

128 720 298 774 manda,
333 723 385 764 de
421 723 588 765 assidua
618 725 766 765 mortis
799 723 1093 774 meditatione,
1128 721 1311 777 aliasque

128 785 401 829 creberrimas
423 790 670 838 sententias,
698 789 852 846 quibus
879 789 1017 830 Flacci
1042 786 1311 845 philosophia

128 851 364 894 christianae
380 854 466 895 fere
487 870 629 912 parem
649 870 693 896 se
717 866 936 897 monstrat.
953 854 1057 909 Quis
1075 869 1163 895 non
1182 852 1310 894 mire-

126 927 197 957 tur
219 927 261 957 et
281 919 494 959 memoriae
514 935 597 960 suae
611 919 810 961 mandare
826 920 968 976 cupiat
980 932 1171 976 magnam
1185 917 1312 969 hujus

127 998 307 1039 operum
325 995 507 1040 partem,
528 986 572 1025 in
589 987 671 1041 qua
685 986 891 1037 justitiam
909 986 1217 1041 incorruptam,
1244 983 1311 1024 in-

129 1048 280 1089 victam
305 1049 432 1089 animi
453 1050 805 1107 magnitudinem,
834 1051 1152 1108 parcimoniam,
1173 1048 1311 1089 conti·

129 1113 331 1166 nentium,
358 1114 604 1172 religionem
623 1116 666 1156 in
691 1117 850 1169 Deum,
876 1116 1076 1172 pietatem
1093 1113 1137 1154 in
1156 1126 1308 1170 paren-

127 1189 188 1220 tes
200 1210 211 1231 ,
226 1179 469 1235 patientiam
487 1181 758 1237 paupertatis,
773 1190 1150 1237 contemptumque·
1167 1192 1310 1219 rerum

127 1243 407 1284 humanarum
443 1246 614 1286 summis
657 1246 780 1287 effert
814 1246 1032 1298 laudibus,
1067 1254 1108 1286 et
1141 1245 1308 1295 eontra,

127 1309 364 1366 perfidiam,
384 1311 647 1365 injustitiam,
677 1323 858 1364 metum,
881 1310 1238 1368 prodigalitatem,
1264 1308 1311 1349 li-

125 1374 337 1429 bidinem,
367 1376 595 1429 luxuriam,
629 1378 861 1430 avaritiam,
889 1388 1016 1432 atque
1046 1375 1186 1417 omnia
1222 1375 1310 1416 fere

127 1440 244 1493 vitia,
269 1442 419 1482 acerbe
440 1442 592 1498 carpit,
618 1443 845 1499 vituperat,
872 1441 1080 1498 exagitat?

187 1505 287 1546 Dies
309 1521 376 1546 me
403 1503 590 1559 deficiat,
618 1507 651 1548 si
681 1507 927 1564 sapientiam
955 1506 1080 1557 hujus
1106 1514 1242 1561 poetae
1267 1504 1311 1544 in

128 1570 254 1610 rebus
284 1570 383 1627 ipsis
409 1570 694 1623 inveniendis,
722 1572 755 1612 si
781 1570 1004 1611 mirificum
1029 1568 1252 1611 artificium
1267 1570 1311 1610 in

129 1635 403 1691 disponendis
432 1637 627 1693 singulis,
658 1638 691 1677 si
723 1637 951 1677 verborum
979 1636 1061 1677 vim
1085 1646 1212 1691 atque
1239 1649 1313 1675 no-

128 1701 264 1742 tiones
290 1700 343 1741 ad
369 1716 434 1741 res
450 1702 560 1758 ipsas
577 1700 888 1759 exprimendas,
913 1711 1158 1756 ceterasque
1179 1700 1309 1740 virtu-

129 1775 189 1806 tes
216 1765 412 1822 aperiam.
439 1766 554 1808 Illius
579 1769 718 1808 autem
743 1782 827 1807 suae
843 1765 1055 1822 sapientiae
1071 1764 1309 1822 pulcherri-

127 1845 376 1887 marumque
410 1847 552 1873 rerum
584 1843 789 1890 praecepta
819 1833 868 1873 iis
896 1829 1072 1872 includit
1100 1830 1308 1883 numeris,

127 1896 242 1937 tanta
260 1896 476 1952 perfundit
492 1899 641 1955 gratia,
666 1899 798 1955 eaque
824 1909 912 1939 arte
937 1897 1085 1938 animis
1106 1896 1307 1948 insinuat,

127 1969 176 2000 ut
193 1970 235 2000 et
259 1961 384 2002 rebus
403 1962 503 2019 ipsis
529 1975 570 2004 et
594 1962 743 2004 ordine
771 1978 818 2004 ac
836 1963 997 2004 ratione
1011 1963 1144 2018 prope
1169 1959 1309 2002 divina

126 2024 310 2082 legentes
328 2028 557 2084 rapiantur.

184 2091 347 2133 Jactent
376 2108 420 2135 se
447 2095 581 2136 nostri
608 2093 736 2135 seculi
763 2094 892 2135 Stoici
914 2091 1131 2150 quantum
1159 2091 1304 2143 velint,

129 2155 212 2196 sint
245 2155 376 2210 beati,
406 2159 488 2201 sint
524 2160 750 2218 sapienteS,
776 2159 1049 2215 contentique
1077 2156 1142 2199 vel
1173 2157 1307 2199 tribus
