1422 2528
6 0 199 53 ξεῖ-ΠΡ,
205 0 370 46 rimus-‘³‘

291 25 335 60 λ,

248 146 277 160 «-
473 126 554 160 Lm.
579 126 597 158 1
619 125 862 159 snmw.
1226 127 1269 158 23

1274 136 1291 165 sl

74 185 298 225 Ambitione
309 183 461 238 procul.
471 184 640 225 Felicem
659 184 790 224 diem-e
801 196 881 222 non
899 183 976 224 hoe

75 251 142 286 Me
159 248 304 299 possim
318 259 427 295 casu,
447 244 554 300 quod
569 256 611 292 te¹
621 246 784 289 sortitus
801 246 987 285 amicum.

39 334 41 336 v
76 309 192 348 Nulla
205 307 348 348 etenim
365 308 463 349 mihi
477 318 516 349 te
533 308 614 348 sors
630 307 797 355 obtulit;
811 308 983 359 optimus
1003 306 1098 346 olim

77 370 282 420 Virgilius,
299 368 389 422 post
404 369 508 408 hunc
522 370 680 415 Varius,
700 369 835 408 dixere
849 369 946 420 quid
962 381 1097 408 essem.
1264 376 1298 401 ⁵⁵

78 433 132 470 Ut
147 432 236 470 veni
255 435 387 472 εισι-ξω
403 438 454 481 ¹⁰,
471 430 670 483 singultim
689 444 814 483 pauca
828 432 1006 480 locutus,

78 494 208 532 Infans
226 498 395 546 namque
408 494 538 547 pudor
556 493 795 545 prohibebat
808 494 924 545 plura
943 493 1113 546 profari,

78 559 168 594 Non
181 569 253 608 ego
265 569 328 596 me
345 557 451 597 claro
469 565 603 595 natum
616 565 746 607 patre,
761 569 839 595 non
856 569 929 608 ego
943 555 1092 594 circum

80 622 147 658 Me
166 619 396 658 Satureiano
411 620 557 660 vectari
572 633 665 659 rura
683 619 853 669 caballo,

82 680 177 728 sed,
192 681 299 732 quod
318 694 441 729 eram,
458 695 590 720 narro.
604 681 850 732 Respondes,
871 690 914 719 ut
929 690 1018 719 tuus
1038 690 1095 719 est
1115 693 1218 728 m05‚
1266 688 1299 712 60

82 743 221 780 Pauca.
237 741 366 790 Abeo3
387 751 426 780 et
442 756 621 791 revocas,
640 755 747 780 nono
769 741 856 793 post
875 755 1022 790 mense,
1040 741 1233 794 jubesque

82 804 174 841 Esse
190 803 232 841 in
247 803 462 842 amicorum
483 817 664 843 numero.
678 806 866 855 Magnum
881 803 958 842 hoc
973 815 1046 855 ego
1064 802 1166 841 duco
1177 831 1189 848 ‚

18 873 27 878 ‘
83 861 201 912 Quod
216 864 348 916 ¹placui
365 863 436 903 tibi
446 893 457 913 ,
480 865 548 917 qui
567 865 675 917 turpi
691 865 859 903 secernis
873 864 1079 904 honestum
1092 893 1102 912 ‚

81 927 169 963 Non
189 934 301 977 patre
315 926 522 977 praeclaro,
545 927 709 965 sedvitzi
725 935 763 964 et
780 934 938 978 pectore
953 938 1065 978 puro.

134 988 256 1039 Atqui
273 989 305 1026 si
318 988 424 1026 vitiis
441 988 703 1027 mediocribus
721 1001 765 1026 ac
781 1001 866 1037 mea
880 988 1015 1040 paucis
1271 995 1303 1020 6⁵

81 1049 272 1088 Mendosa
288 1059 345 1088 est
363 1058 520 1098 natura,
541 1048 689 1101 alioqui
708 1059 832 1099 recta,
850 1052 957 1089 velut
977 1051 1011 1089 si

81 1113 247 1163 Egregie
265 1112 460 1164 inspersos
475 1112 687 1163 reprendas
708 1126 874 1163 corpore
895 1125 1044 1161 uaevos;

81 1173 123 1211 Si
137 1174 264 1224 neque
281 1173 503 1221 avaritiam,
519 1187 645 1225 neque
665 1174 818 1222 sordes,
838 1188 882 1212 ac
900 1176 999 1212 mala
1017 1175 1139 1213 lustra

81 1233 246 1286 Objiciet
260 1234 353 1272 vere
369 1235 574 1286 quisquam
588 1235 702 1282 mihi3
720 1249 842 1287 purus
860 1245 899 1274 et
912 1236 1061 1282 insons,

81 1297 136 1334 Ut
152 1308 213 1333 me
229 1295 447 1334 collaudem
459 1325 469 1343 ,
488 1297 520 1334 si
539 1304 578 1334 et
596 1296 688 1334 vivo
702 1309 816 1334 carus
830 1295 964 1334 amicis
985 1313 993 1333 :
1274 1313 1304 1338 70

86 1358 211 1395 Causa
229 1356 302 1394 fuit
322 1365 433 1408 pater
452 1356 531 1405 his,
548 1357 617 1407 qui
634 1370 768 1396 macro
784 1370 937 1409 pauper
953 1357 1077 1408 agello

85 1549 168 1590 sape
182 1547 325 1579 honores
343 1548 564 1590 contingunt3
579 1554 612 1579 at
630 1554 666 1579 tn

87 1602 201 1626 cautus
229 1604 281 1632 es,
310 1593 345 1625 id
370 1601 434 1633 est,
466 1595 612 1637 prudens
635 1603 668 1627 et

723 1548 931 1580 cohaerentia.
949 1565 996 1572 —-
1018 1545 1142 1590 Infans
1161 1548 1270 1588 pudor
1292 1558 1302 1578 :

722 1595 878 1627 timiditas
888 1596 1097 1627 veneratione
1106 1595 1223 1634 mixta,
1232 1606 1305 1636 quae

87 1641 326 1679 consideratus,
344 1640 386 1673 ad
409 1653 465 1674 eos
485 1641 613 1674 tantiam
631 1644 668 1674 in
712 1642 790 1686 sari
803 1643 1234 1685 prohibet.—-Saeureiano
1248 1653 1303 1673 ca-

90 1690 263 1721 amieitiam
285 1689 498 1721 assumendos
521 1698 553 1722 et
571 1691 668 1722 ascis-

91 1737 230 1776 cendos,
249 1738 308 1778 qni
333 1736 372 1768 ea
393 1737 484 1780 digni
502 1739 587 1775 sinu
613 1749 667 1770 nez

92 1785 156 1827 que
186 1784 284 1815 ullam
308 1785 344 1816 in
376 1786 503 1815 amicis·
515 1785 671 1827 eligendis

92 1833 252 1864 rationem
265 1831 297 1863 di
301 1833 432 1875 gnitatis
442 1831 554 1864 habes.
565 1835 672 1864 —Fe-

92 1879 187 1911 licem
203 1879 312 1910 dicere
330 1889 397 1910 non
414 1878 475 1911 hoc
485 1881 540 1910 Me
548 1880 672 1921 possim

95 1938 172 1958 casu
189 1937 202 1958 .·
222 1937 291 1958 nou
306 1927 432 1958 ascribo
455 1934 544 1958 tuam
563 1928 674 1959 amici-

93 1975 171 2011 tiam
193 1975 336 2006 fortuita}
362 1973 524 2012 felicitati,
541 1974 600 2006 sed
617 1976 670 2015 ju-

94 2021 181 2053 dicio
206 2028 281 2061 tuo,
308 2028 341 2053 et
367 2022 447 2053 meis
474 2021 670 2063 quibusdam

80 2069 226 2105 anei-itis.
499 2094 502 2096 v

146 2126 196 2148 ιο,
211 2118 253 2147 Ue
266 2115 351 2147 veni
361 2116 469 2147 corc'zm
480 2127 492 2146 :
505 2115 563 2146 ubi
576 2122 671 2148 tuum

93 2163 127 2194 in
147 2170 359 2205 conspectum
383 2163 502 2206 prodii.
525 2181 574 2188 —-
594 2163 670 2194 Sin·

90 2209 209 2252 guleim
233 2221 246 2240 .-
273 2211 379 2252 -quasi
426 2210 598 2248 dubitans,
639 2218 672 2242 et

94 2258 193 2290 verba
208 2257 338 2289 trahens
355 2265 523 2301 amputata
543 2265 575 2290 et
590 2258 672 2290 mule

722 1691 811 1722 ballo
823 1702 835 1721 .·
850 1691 1039 1723 Satureiana
1063 1701 1183 1732 pascua
1212 1697 1305 1720 erant

723 1739 758 1770 iu
774 1739 929 1780 Appuliae
944 1745 976 1769 et
988 1738 1144 1770 Calabriae
1163 1736 1303 1774 finibus,

725 1786 766 1816 ad
791 1786 907 1816 urbem
933 1788 1123 1822 Saturenm;
1146 1785 1193 1815 ibi
1212 1794 1305 1826 gene-

725 1833 791 1864 rosi
807 1834 883 1874 equi
898 1832 1080 1864 alebantur.
1094 1849 1143 1856 -
1156 1833 1232 1863 Non
1241 1842 1304 1873 pa-

726 1889 774 1912 tre
805 1881 968 1921 praeclam
993 1891 1004 1910 :
1029 1881 1131 1922 junge
1159 1890 1254 1918 cum,
1280 1878 1308 1909 si

722 1927 840 1970 placui
854 1927 923 1959 tibi.
939 1945 986 1951 —
1001 1927 1096 1958 Mala
1110 1927 1213 1958 lustra
1228 1937 1241 1957 .·
1251 1937 1305 1968 ga-

727 1986 824 2012 neas,
856 1975 1036 2017 lupanaria.
1073 1976 1189 2005 Lustra
1223 1974 1304 2010 dici,

726 2024 769 2053 ait
793 2024 924 2060 Festus,
943 2022 1042 2053 lamas
1066 2021 1207 2060 lutosas,
1233 2031 1306 2062 quae

725 2077 803 2101 sunt
821 2071 856 2101 in
872 2070 973 2112 sylvis
989 2079 1143 2112 aprorum
1163 2069 1303 2105 cubilia;

725 2117 766 2148 ab
787 2128 898 2148 earum
913 2117 1021 2148 autern
1042 2116 1259 2148 similitudine
1280 2115 1305 2145 ii

726 2166 782 2206 qui
803 2166 838 2196 in
866 2164 945 2196 locis
965 2164 1085 2195 abditis
1109 2170 1141 2194 et
1163 2161 1305 2194 sordidis

727 2213 834 2243 ventri
854 2219 886 2243 et
905 2211 1037 2243 desidiae
1053 2210 1133 2242 dant
1154 2219 1304 2251 operam,

728 2258 887 2291 dicuntur
905 2260 939 2291 iu
957 2259 1066 2290 lustris
1087 2259 1184 2288 vitam
1201 2266 1306 2298 agere,

764 2356 788 2366 φ
