1422 2528
3 1733 50 1800 ἔς

538 121 617 153 LLB.
642 122 691 153 IV
714 121 804 154 ODE
829 122 925 153 XIV.

220 181 349 233 Major
367 182 569 219 Neronum
586 179 603 209 4
617 178 710 218 moi
729 193 848 231 grave
870 179 1050 231 praelium

270 241 471 280 Commisit
479 271 491 290 ,
503 242 770 293 immanesque
786 240 948 280 Rhaetos

325 303 518 355 Auspiciis
535 303 691 355 pepulit
711 303 893 341 secundis
907 318 918 350 ;

218 364 459 416 Spectandus
474 364 515 402 in
532 365 742 403 certamine
755 364 904 403 Martio

215 423 367 465 Devota
384 427 502 479 morti
519 435 681 477 pectora
697 425 833 464 liberae

271 487 433 536 Quantis
453 487 632 539 fatigaret
653 487 775 526 ruinis
801 486 836 536 ⁵3

1306 252 1336 276 15

320 549 532 589 Indomitas
549 544 672 601 prope
687 550 816 600 qualis
837 550 962 588 undas
1300 567 1336 585 ι»

218 614 380 650 Exercet
395 614 539 650 Auster
555 610 586 659 ⁶,
603 610 802 649 Pleiadum
820 611 944 650 choro

217 673 422 712 Scindente
444 673 586 721 nubes3
607 673 776 725 impiger
791 674 966 712 hostium

271 738 424 773 Vexare
442 743 613 782 turmas,
632 744 671 773 et
692 735 926 774 frementem

321 798 478 837 Mittere
498 811 642 848 equum
662 797 810 836 medios
839 812 911 850 per
931 798 1050 850 ignes.

105 981 228 1024 priores
243 979 348 1012 clades
363 978 382 1011 ὲ
397 980 553 1012 Romanis
572 991 683 1022 accep-

104 1036 151 1061 tas
184 1027 330 1060 cladibus
362 1028 467 1059 multo
506 1029 685 1068 majoribus

103 1076 194 1108 ultus
205 1083 263 1108 est.
273 1077 371 1107 Hunc
387 1076 601 1117 posteriorem
611 1086 683 1106 sen-

102 1133 194 1162 snm,
208 1130 247 1154 nt
263 1124 444 1166 pleniorem
458 1129 490 1154 et
511 1122 552 1153 ad
571 1124 685 1154 carmi-

102 1171 328 1202 nismateriem
346 1170 461 1202 melius
477 1171 682 1213 appositum,

104 1217 198 1249 facile
213 1218 422 1260 praetulerim.

152 1265 306 1309 4.M’ajor
315 1267 485 1298 Neronum
497 1276 510 1295 .·
522 1264 685 1304 Tiberius,

103 1320 245 1355 quatuor
261 1315 355 1345 annis
369 1314 444 1344 ante
463 1316 610 1345 Drusum
627 1324 684 1343 na-

103 1366 169 1392 tus.
182 1377 230 1386 ·--
246 1360 408 1402 Auspiciis
426 1359 555 1402 pepulit
570 1365 684 1391 secun-

103 1406 154 1439 dt's
164 1419 177 1438 :
189 1408 338 1451 Augusto
347 1410 434 1439 Deos
452 1417 540 1444 suos,
553 1414 592 1438 nt
599 1407 684 1438 infra

104 1465 138 1487 v.
157 1455 354 1494 33,d1c1tur‚
365 1455 543 1497 praebente

152 1502 184 1534 5.
217 1502 422 1544 Spectandus
442 1500 581 1544 Quantis
602 1498 685 1538 fati-

100 1557 200 1592 garet
220 1549 351 1581 minis.-
369 1549 522 1580 audacter
535 1555 567 1579 et
582 1548 684 1591 lyrice

102 1607 164 1638 pro
184 1596 243 1630 ino
257 1597 383 1640 vulgari
395 1604 427 1628 et
438 1597 614 1652 prosaico:
630 1596 683 1627 ad-

103 1645 275 1676 miratione
299 1643 435 1687 dignus,
453 1643 528 1675 clim
553 1655 587 1674 se
617 1645 684 1675 suis

101 1691 315 1733 spectandum
341 1691 516 1734 praeberet,
530 1689 685 1734 fatigan-

102 1739 146 1770 do
156 1762 168 1778 ,
183 1739 218 1771 h.
235 1750 264 1771 e.
282 1740 430 1781 repetitis
447 1740 566 1771 ictibus
589 1747 622 1770 et
643 1740 684 1771 ad

102 1787 374 1826 internecionem,
390 1787 431 1818 ad
460 1789 587 1818 ruinam
609 1789 682 1818 uni·

101 1844 224 1866 versam
246 1834 420 1878 affligendo
442 1836 567 1865 Deuoca
586 1835 684 1866 morti

96 1888 234 1923 pectora
249 1881 376 1919 liberae,
392 1882 505 1913 hostes
521 1893 561 1913 eo
579 1884 681 1925 magis

101 1929 305 1968 metuendos,
313 1929 406 1972 quod
419 1931 501 1961 mori
513 1928 612 1971 quam
624 1941 687 1960 ser-

102 1976 171 2008 vire
195 1977 340 2009 mallent.
365 1978 418 2010 Sic
445 1979 590 2009 victoriae
615 1977 686 2009 laus

102 2023 328 2065 amplificatur.

150 2070 184 2102 6.
215 2071 400 2104 Indomicas
437 2071 541 2112 propt?²
573 2071 682 2113 qualis

105 2117 213 2148 undas
235 2121 379 2151 Exercet
394 2120 537 2150 Anscer:
556 2130 682 2161 compa-

103 2165 229 2196 ratione
244 2167 311 2198 vim
331 2175 363 2198 et
381 2168 539 2208 impetum
557 2166 680 2198 Tiberii

101 2210 240 2243 illustrat
269 2215 396 2247 Noster.
420 2214 537 2247 Nullus
562 2221 680 2245 ventus

101 2258 215 2290 Africo
234 2261 288 2292 vel
307 2263 431 2294 Austro
448 2261 624 2293 violentius
643 2262 680 2293 in

737 979 841 1011 undas
865 987 998 1011 exercet
1023 980 1223 1022 imperium;
1240 980 1330 1012 unde

737 1027 859 1058 arbiter
891 1027 1051 1064 Hadriae,
1078 1026 1198 1070 supra,
1223 1031 1258 1067 Ι,
1288 1030 1306 1060 3
1322 1052 1330 1066 ,

742 1075 785 1105 15
797 1098 806 1114 ‚
844 1081 876 1106 et
902 1075 973 1106 dux
1014 1074 1150 1117 inquieti
1178 1076 1325 1107 turbidus

739 1122 897 1162 Hadrioe,
920 1125 990 1161 111,
1010 1124 1042 1162 3,
1072 1123 1104 1162 5,
1126 1123 1258 1155 dicitur.
1278 1126 1324 1156 Ut

737 1168 838 1212 igitur
854 1177 968 1201 ventus
986 1171 1042 1202 ille
1056 1171 1164 1202 undas
1184 1170 1325 1202 indomi-

739 1225 812 1255 tas,
844 1217 998 1249 adversus
1027 1229 1103 1249 eum
1127 1219 1325 1250 reluctantes

738 1266 884 1306 proruit,
913 1265 960 1296 sic
974 1285 983 1292 ·
996 1266 1167 1304 Tiberius,
1197 1274 1260 1299 etc.
1277 1285 1326 1292 -—-

737 1312 913 1343 Pleiadum
937 1312 1034 1343 choro
1059 1314 1237 1346 Scindente
1264 1325 1325 1345 nu-

738 1359 792 1390 bes
804 1370 816 1390 .·
833 1359 978 1392 Pleiades
992 1367 1116 1402 septem
1129 1369 1208 1392 sunt
1224 1362 1325 1392 stellae

738 1407 825 1438 inter
841 1409 987 1439 Taurum
1002 1415 1034 1438 et
1046 1409 1191 1439 Arietem
1209 1410 1326 1450 positae

739 1455 774 1484 in
794 1454 928 1485 modum
953 1455 1062 1497 globi,
1088 1466 1146 1486 sen
1174 1455 1266 1487 chori
1292 1464 1327 1488 et

740 1502 866 1534 circuli.
895 1502 980 1533 Hinc
1009 1514 1130 1534 nomen
1153 1499 1326 1544 πλειάδες,

740 1548 818 1591 quia
845 1549 955 1591 plures
975 1557 1007 1581 et
1031 1550 1201 1582 turmatim
1231 1562 1327 1594 appa-

740 1605 832 1636 rent,
874 1598 967 1639 quasi
1025 1595 1185 1637 πλείονες,
1213 1600 1268 1630 vel
1306 1599 1324 1630 i«

739 1644 841 1676 verbo
864 1644 972 1684 πλεῖν,
987 1645 1063 1687 qni&
1083 1653 1159 1677 ortu
1181 1657 1243 1678 suo
1259 1648 1325 1689 pri-

728 1690 800 1737 'mae
821 1694 1036 1735 navigationis
1062 1701 1191 1736 tempus
1218 1702 1326 1726 osten·

738 1740 833 1771 dunt.
853 1741 973 1771 Latinis
987 1742 1140 1782 Vergiliae
1156 1741 1323 1780 dicuntur,

734 1786 812 1829 quia
838 1798 896 1818 ver
932 1788 1136 1831 significant3
1169 1791 1324 1820 oriuntur

735 1835 822 1866 enim
830 1834 915 1866 circs
925 1837 1158 1877 aequinoctium
1169 1847 1322 1875 vernum;

735 1883 816 1913 item
842 1883 1046 1922 Atlantides,
1082 1883 1159 1926 quia
1191 1883 1325 1926 fingunt

739 1937 844 1972 poetae
862 1931 933 1962 illas
947 1931 1046 1962 fuisse
1060 1931 1203 1963 Atlantis
1219 1931 1320 1970 filias,

739 1988 781 2008 ex
818 1978 951 2009 Pleione
984 1978 1144 2021 nympha,
1177 1981 1198 2011 J
1202 1990 1321 2011 UVENC.

739 2026 858 2063 Porro,
872 2027 1061 2067 aequinoctii
1083 2029 1176 2058 verni
1199 2034 1326 2068 tempo-

735 2084 771 2103 re
782 2096 790 2111 ,
806 2074 960 2114 procellae
979 2076 1136 2112 saeviunt,
1159 2076 1249 2105 venti
1266 2074 1322 2105 dc-

735 2119 947 2153 bacchnntur.
981 2122 1149 2152 Dicuntur
1189 2132 1324 2164 quoqne

734 2167 877 2198 Pleiades
909 2169 1008 2199 nubes
1044 2167 1208 2207 scindere,
1250 2179 1322 2199 non

733 2215 823 2256 quod
841 2215 947 2246 nubes
969 2216 1110 2257 pellant,
1131 2217 1187 2247 sed
1207 2215 1297 2258 qued
1312 2239 1321 2253 ‚

733 2263 898 2294 stellarum
931 2265 1079 2295 omnium
1111 2263 1225 2303 instar,
1252 2273 1322 2294 non
