1422 2528
533 133 613 165 un.
638 133 784 169 vom!
809 134 853 164 V.
1258 141 1302 172 99

203 195 252 231 Et
270 203 357 230 ossa
375 190 424 229 ab
444 203 514 229 ore
532 199 644 242 rapta
656 191 800 241 jejunae
817 191 942 238 canis,

302 251 482 290 Flammis
500 251 615 290 aduri
637 250 840 289 Colchicis.
886 290 889 293 ,

199 315 250 350 At
263 311 443 363 expedita
460 311 648 362 saganar4
659 339 668 357 ,
690 324 761 362 per
783 319 903 349 totam
920 310 1078 350 domum
1276 319 1306 343 25

303 375 495 423 spargens
512 372 723 409 Avernales
743 384 877 421 aquas,

203 434 346 470 Horret
365 433 533 483 capillis,
553 441 596 470 ut
615 432 805 479 marinus,
827 433 973 484 asperis

306 492 494 539 Echinus,
512 502 579 531 aut
598 505 758 530 currens
774 505 879 543 aper.

199 553 350 593 Abacta
368 555 474 593 nulla
486 555 587 594 Ve'1'a
607 555 843 592 conscientia
859 552 893 601 ⁵,

308 615 522 667 Ligonibus
540 615 648 653 duris
663 616 826 653 humum
1275 621 1306 645 δυ

201 675 466 714 Exhauriebat
475 706 486 725 ,
504 677 700 727 ingemens
717 675 917 714 laboribus
926 704 936 722 ‚

309 736 398 785 Quo
414 746 543 789 posset
559 738 726 776 infossus
742 751 841 789 puer

201 801 336 850 Longo
353 798 415 837 die
429 797 490 838 bis
521 800 799 854 teerutatae
819 797 929 848 dapis

95 949 154 970 rax
185 938 375 970 habebatur.
395 957 428 962 —
457 940 503 969 Et
529 949 603 969 ossa
629 939 670 969 ab

94 997 152 1017 ore
163 993 259 1028 rapta
271 985 392 1028 jejunae
404 995 467 1016 can
473 986 499 1016 is
508 997 519 1016 :
532 997 606 1027 quae
624 997 673 1016 ca-

93 1034 161 1071 nis,
182 1034 264 1064 fame
278 1038 431 1074 urgente,
443 1033 506 1063 sibi
523 1034 606 1075 eripi
628 1034 671 1064 ita

92 1079 292 1122 indignatur,
304 1086 342 1110 ut
354 1090 389 1110 ea
401 1079 558 1111 venenata
574 1079 672 1111 saliva

90 1133 124 1158 et
148 1126 263 1169 spumat
298 1126 412 1158 rabida
441 1125 578 1159 inficiat.
614 1128 666 1158 Sic

89 1175 242 1206 Lucanus
273 1175 340 1212 VI,
375 1174 460 1212 550,
495 1173 536 1204 de
575 1174 667 1215 magi

89 1219 251 1262 quadam:
268 1221 340 1252 Nec
364 1228 499 1262 carpere
523 1221 667 1251 membra

91 1267 171 1299 Vult
193 1266 288 1310 ferro
333 1267 544 1308 manibusque
584 1267 666 1307 suis,

90 1322 278 1354 morsusque
302 1313 448 1355 luporum
478 1315 665 1354 Expectat,

90 1358 183 1391 siccis
206 1366 340 1401 raptura
362 1360 380 1390 ὲ
389 1359 546 1402 saucibus
567 1367 666 1392 artus.

90 1406 144 1437 ste
161 1413 200 1438 et·
210 1405 299 1448 apud
316 1407 416 1447 Apul.
434 1408 506 1438 111:
522 1409 668 1437 Extorta

89 1451 385 1495 demibusseramm
398 1460 513 1484 trunca
523 1453 670 1484 calvaria

91 1498 222 1530 adhibet
254 1499 351 1530 altera
380 1510 452 1542 saga
472 1501 508 1530 in
537 1501 669 1542 magicis

87 1545 378 1577 immutationibus.
422 1564 471 1570 —-
514 1547 670 1578 Flammis

94 1592 270 1624 Colchicis:
288 1592 403 1624 eodem
425 1593 528 1624 modo
549 1595 669 1635 paratis

91 1646 124 1671 et
135 1640 274 1671 accensis
283 1662 292 1677 ‚
303 1650 401 1680 quem
411 1640 586 1671 adhibebat
597 1643 668 1672 Me-

90 1685 168 1725 dea,
185 1686 202 1717 ὸ
215 1686 345 1718 Colchis
362 1687 514 1719 oriunda.

139 1739 173 1771 4.
184 1734 342 1776 Sagana:
353 1744 473 1764 nomen
496 1735 668 1776 proprium

91 1780 223 1812 alterins
246 1779 400 1811 veneficae
423 1791 496 1821 quae
514 1780 578 1811 unz}
590 1792 665 1812 cum

90 1826 172 1860 Veis
196 1827 340 1859 Canidiae
364 1826 551 1858 administra
571 1828 667 1858 indu-

89 1873 405 1914 dtur.-Expedica
419 1885 430 1904 .·
447 1881 549 1904 vestes
565 1874 605 1904 ad
618 1886 669 1905 zo-

89 1931 166 1952 nam
181 1922 360 1958 succincta,
383 1928 420 1951 ut
434 1919 616 1962 promptins
637 1928 668 1952 et

91 1965 218 1999 facilins
241 1967 354 1998 infami
374 1967 514 1998 dominae
537 1967 668 1999 famule-

92 2019 158 2046 tur.
190 2031 238 2038 —
282 2016 444 2057 Spargens
488 2015 668 2049 Auernales

91 2070 196 2102 aquas
204 2071 216 2091 .·
227 2060 388 2099 lustratio,
399 2072 471 2103 pars
483 2071 666 2100 sacrorum;

92 2113 126 2138 et
134 2114 172 2137 ut
186 2108 223 2138 in
237 2107 394 2150 religiosis
407 2115 439 2139 et
452 2108 604 2150 legitimis
622 2119 667 2139 sa-

91 2154 166 2191 eris,
184 2164 266 2194 aqua
280 2154 420 2185 lustralis
442 2155 459 2185 e
472 2165 556 2196 puro
580 2155 668 2185 fonte

91 2198 312 2238 hauriebatur,
326 2201 418 2232 sicin
433 2203 576 2243 magicis,
592 2209 624 2231 et
641 2202 668 2232 si

94 2245 175 2288 quid
202 2247 295 2278 noxii
314 2255 370 2279 aut
389 2249 516 2280 scelesti
530 2250 668 2279 interce-

724 938 840 974 debat,
877 949 916 968 ex
943 939 1015 979 ipso
1047 938 1181 968 Averno
1211 947 1303 978 aquae

725 985 931 1028 petebantur.
966 984 1061 1016 Unde
1090 984 1180 1026 opud
1209 986 1301 1026 Virg.

726 1032 842 1064 AEneid
856 1035 913 1070 lv,
932 1032 1011 1070 512,
1024 1031 1129 1070 Dido,
1144 1042 1234 1062 sacra
1242 1041 1307 1061 ma-

727 1081 798 1121 gica
813 1079 854 1110 ad
866 1090 934 1109 sese
950 1079 990 1110 ab
1008 1089 1118 1109 amore
1133 1079 1306 1110 exsolven-

726 1126 799 1157 dam
815 1128 990 1157 instituens
1004 1135 1012 1157 :
1026 1127 1200 1168 Sparserat
1215 1133 1249 1156 et
1260 1125 1308 1156 la-

721 1174 800 1204 tices
815 1174 988 1205 simulatos
992 1173 1103 1216 fontis
1120 1172 1304 1204 Averni.—

721 1220 872 1252 Marinus
913 1220 1057 1252 Echinus
1091 1231 1103 1250 :
1143 1220 1156 1262 <
1171 1220 1303 1262 gallice,

722 1269 851 1306 out-sin,
868 1268 938 1305 vel,
961 1267 1103 1298 ke‘risson
1131 1267 1174 1298 de
1199 1267 1306 1308 mer.)

727 1315 872 1344 L’oursin
881 1314 1306 1354 estcompose‘d'unequan-

722 1359 781 1389 tite'
790 1359 1002 1401 prodigieuse
1010 1359 1052 1389 de
1057 1359 1168 1399 pieces
1177 1360 1218 1390 de
1231 1371 1305 1401 rap-

717 1414 797 1447 port
811 1406 834 1436 ὰ
859 1413 1001 1443 sutures,
1013 1406 1159 1449 fragiles
1177 1414 1210 1437 ec
1230 1418 1305 1438 cou-

724 1460 823 1483 vertes
844 1454 886 1483 de
898 1453 1032 1494 poinces
1042 1453 1118 1496 fore
1134 1455 1303 1485 nombreu-

722 1510 790 1537 ses,
807 1511 901 1530 assez
919 1500 1110 1531 semblables
1128 1512 1169 1532 en
1186 1502 1259 1532 cela
1272 1509 1306 1532 et

717 1557 806 1587 pour
815 1548 850 1577 la
860 1548 974 1589 forme
990 1547 1012 1577 ὰ
1027 1548 1228 1589 l’enveloppe
1246 1548 1303 1579 des

722 1591 938 1636 chdtaignes,·
966 1595 1123 1626 Valmont
1161 1595 1200 1626 de
1244 1596 1306 1626 Bo-

722 1652 826 1679 mare‚
844 1642 936 1673 artic.
961 1642 1088 1673 Oursin.
1099 1645 1217 1673 —Aut
1233 1653 1306 1672 cur-

722 1698 797 1718 rens
821 1699 928 1729 aper:-
941 1690 1013 1726 cui,
1034 1687 1114 1719 dnm
1135 1689 1245 1720 furens
1265 1691 1301 1720 in

722 1742 911 1765 venatorem
935 1737 1081 1776 proruit,
1100 1737 1149 1766 ira
1167 1743 1250 1767 setas
1267 1737 1302 1766 in

723 1788 792 1812 toto
808 1792 945 1823 corpore
957 1783 1062 1823 erigit.
1133 1778 1140 1783 ⁸

770 1829 802 1860 5.
831 1826 961 1859 Abactd
989 1827 1082 1860 nulla*
1111 1828 1192 1859 Veia
1224 1840 1302 1860 con-

722 1873 860 1905 sciencia
884 1887 895 1906 :
923 1877 1026 1907 tertiae
1052 1886 1154 1917 magae
1181 1887 1303 1908 nomen

722 1923 912 1963 proprium,
947 1934 1045 1964 quam
1076 1923 1129 1953 hic
1158 1922 1176 1953 ὲ
1209 1923 1302 1954 nullo

721 1968 956 1999 maleficiorum
987 1980 1103 2011 genere
1139 1969 1302 2001 deterren-

721 2014 794 2045 dam
835 2018 952 2048 Noster
989 2015 1126 2058 effingit.
1162 2034 1209 2040 —-
1241 2019 1298 2047 In-

718 2073 854 2104 gemens
870 2062 1031 2093 laboribus
1043 2075 1055 2094 :
1068 2063 1180 2094 anhela
1192 2087 1200 2102 ‚
1218 2065 1302 2105 pem*-

719 2109 844 2140 viribus
871 2110 1044 2148 exhausta,
1062 2117 1093 2141 et
1115 2111 1223 2141 tamen
1248 2121 1301 2140 ne·

720 2155 820 2186 fando
856 2158 948 2197 operi
976 2158 1111 2188 instans.
1131 2175 1180 2181 —-
1208 2157 1300 2198 Quo:

722 2203 758 2232 in
777 2214 874 2243 quam
899 2204 1025 2234 foveam
1059 2211 1114 2235 aut
1139 2204 1300 2235 scrobem.

720 2266 768 2273 —
783 2251 898 2292 Longo
913 2249 966 2282 die
987 2260 996 2281 :
1021 2258 1089 2282 toto
1119 2251 1218 2282 nnius
1237 2250 1301 2281 diei
