1422 2528
128 130 190 161 132

504 131 544 170 Q.
570 127 752 160 noM‘rn
775 129 924 161 rLAcm

125 192 172 226 Et
186 188 312 234 decet,
331 187 497 226 obducta
515 189 682 226 solvatur
705 190 827 251 fronte
847 196 1030 227 senectus.
1300 196 1316 221 ⁵

176 251 233 286 Tu
254 255 268 270 ²
283 249 369 285 vina
387 251 583 299 Torquato
602 261 712 286 move
733 250 888 286 consule
907 261 1039 299 pressa
1060 259 1157 286 meo.

126 309 272 346 Caetera
289 309 394 345 mitte
414 309 536 358 loqui3
558 311 662 345 Deus
677 308 758 345 haec
777 309 941 346 sortasse
955 308 1121 358 benigna

178 369 352 406 Reducet
367 369 405 405 in
422 369 548 406 sedem
565 369 660 406 vice.
678 370 789 406 Νὺῐιο
803 377 840 406 et
859 367 1104 406 Achoeincnizi

126 429 312 467 Perfundi
331 428 454 466 nardo
472 427 486 450 3
502 429 627 479 juvat,
649 436 688 465 et
707 428 780 465 fide.
797 429 1000 478 Cyllenaea'

179 492 325 527 charc
344 489 436 526 diris
450 498 605 538 pectora
625 487 961 534 sollicitudinibus3
1286 503 1317 519 ιο

128 549 276 588 Nobilis
295 558 337 586 ut
357 549 490 599 grandi
512 549 647 586 cecinit
666 551 876 586 Centaurus
894 549 1046 584 alumno
1064 547 1079 576 4
1098 561 1106 583 ε

180 608 369 653 «Invicto,
384 608 551 646 mortalis
570 609 651 644 Dea
665 615 768 654 nate,
786 620 893 658 puer,
913 605 1074 644 Thetide
1091 634 1101 652 ‚

132 687 148 703 1>
165 673 219 707 Te
234 678 361 706 manet
377 668 551 706 Assaraci
570 667 700 712 tellus,
720 680 833 716 quam
854 666 990 716 frigida
1005 665 1114 715 parvi

182 729 372 767 »Findunt
390 727 609 765 Scamandri
629 727 797 771 flumina,
817 726 986 764 lubricus
1003 733 1041 762 ct
1053 725 1212 771 Simois;

131 788 262 827 »Unde
279 787 350 824 tibi
362 787 526 825 reditum
545 797 649 825 certo
666 786 878 824 subtemine
896 789 1022 822 Parcae
1287 792 1317 818 15

182 865 197 881 n
217 850 372 898 Rupere
390 845 425 892 ⁵3
444 860 514 884 nec
529 856 650 884 mater
669 846 822 884 domum
842 847 978 884 caerula
992 855 1028 882 te
1045 843 1212 881 revehet.

130 1023 201 1055 fieri
228 1023 424 1064 permittitur
447 1021 534 1063 quod
567 1022 700 1053 seniori-

132 1071 194 1101 bus
225 1069 413 1100 indecorum
442 1069 535 1099 foret.
564 1085 610 1091 ——
637 1068 699 1098 Ob-

133 1113 230 1147 ιίιιειᾶ
250 1117 391 1146 solvatur
404 1114 518 1156 fronte
538 1122 699 1144 senectus:

132 1163 277 1193 solvatur
300 1162 440 1197 tristitia,
465 1171 536 1200 quae
564 1160 700 1190 frontem

133 1210 222 1250 rugis
263 1209 380 1245 sulcat,
417 1206 575 1246 nobisque
586 1228 595 1243 ,
626 1206 702 1236 licet

133 1262 224 1285 aetate
247 1253 445 1295 vigentibus,
470 1252 600 1282 senilem
629 1252 700 1282 vul-

134 1308 205 1332 tum
220 1300 354 1330 inducit.

181 1357 214 1379 2.
231 1349 276 1376 Tu
287 1358 298 1376 .-
310 1356 411 1376 unum
421 1346 506 1374 inter
521 1345 639 1374 amicos
652 1354 699 1374 se-

133 1394 223 1434 ligit,
253 1403 349 1434 quem
387 1391 587 1421 edacioribus
616 1391 699 1420 curis

134 1439 318 1470 districtum
332 1437 454 1467 idcirco
466 1437 698 1477 alloquitur.—

134 1487 226 1516 Μονε
239 1495 251 1515 .·
270 1496 311 1514 ex
336 1482 487 1525 amphora
505 1484 539 1512 in
567 1482 698 1523 cyathos

133 1530 329 1562 transfunde.
350 1547 396 1554 —-
414 1532 575 1569 Torquato
591 1539 699 1558 consu-

134 1578 164 1608 le
186 1588 297 1619 pressa
321 1587 390 1606 meo
404 1587 414 1606 :
430 1575 503 1605 vide
523 1573 618 1615 supra
637 1574 696 1605 Od.

134 1626 202 1661 ΙΙΙ,
220 1634 275 1660 21,
296 1634 324 1660 1,
339 1629 369 1652 et
387 1629 495 1652 notam
515 1622 549 1650 in
566 1620 598 1651 h.
613 1620 635 1652 l.
652 1638 698 1643 —

137 1670 258 1701 Caetera
285 1670 373 1699 mitte
400 1667 487 1709 loqui
503 1677 514 1696 .·
528 1667 615 1696 nulla
631 1666 696 1705 jam

133 1716 173 1747 de
186 1715 437 1747 sollicitudinum
454 1721 582 1743 tuarum
597 1714 698 1742 causis

131 1764 252 1793 mentio
261 1761 589 1792 fiat.-Haec.·sortem
599 1765 696 1790 tuam,

134 1806 284 1850 Benigniz'
298 1807 371 1838 vice
383 1817 394 1837 .·
410 1813 445 1836 ut
456 1803 544 1836 nime
555 1815 694 1842 severus,

133 1856 178 1885 sic
215 1854 323 1895 (quod
373 1851 563 1893 sperandum
610 1850 694 1892 est),

135 1901 273 1931 vicissim
291 1902 325 1929 in
341 1907 371 1929 te
386 1899 523 1928 clemens
546 1904 577 1927 et
590 1897 697 1938 benig-

133 1957 204 1978 nus.
220 1963 265 1970 -
278 1946 420 1976 Reducet
435 1944 468 1974 in
487 1944 592 1974 sedem
607 1954 618 1972 .-
634 1943 697 1973 for-

133 1999 243 2023 tunam
262 1998 349 2022 tuam
362 1990 448 2021 nime
461 1996 650 2030 prostratam
665 1996 696 2018 et

132 2039 223 2080 quasi
235 2037 253 2067 a
271 2038 344 2068 sede
365 2036 420 2073 sua
434 2036 631 2066 deturbatam
646 2046 695 2065 re-

133 2085 256 2115 stituet.

181 2132 212 2162 3.
241 2126 451 2160 Achoemenid
484 2127 587 2158 nardo
610 2137 696 2157 :un-

131 2177 258 2218 guentis
275 2176 408 2205 Persicis
419 2184 427 2205 :
439 2174 511 2204 vide
521 2172 616 2215 supra
633 2173 695 2205 od.

135 2225 182 2262 11,
206 2232 243 2253 12
258 2245 266 2261 ,
286 2232 346 2260 21,
364 2228 395 2252 et
409 2222 477 2258 111,
495 2231 524 2258 1,
542 2226 603 2259 445
623 2230 701 2250 con-

753 1021 822 1052 sule
836 1032 965 1063 quoque
982 1027 1084 1053 notas.
1097 1038 1144 1045 -—
1157 1019 1234 1051 Fide
1252 1021 1320 1060 Cyl-

753 1066 859 1099 lena’d
872 1068 959 1110 :lyra
973 1070 1017 1098 sic
1030 1067 1112 1098 dicta
1128 1067 1189 1098 fuit
1204 1065 1222 1096 a
1235 1068 1320 1097 Mer-

753 1116 843 1145 curio
856 1115 923 1152 ejus
944 1115 1110 1144 inventore
1120 1136 1129 1150 ‚
1144 1111 1239 1153 supra
1255 1113 1317 1144 Od.

754 1162 786 1198 Ι,
807 1171 865 1199 ῐο,
884 1160 924 1198 6,
948 1161 1004 1200 qui
1028 1161 1062 1189 in
1087 1159 1238 1200 Cyllene,
1252 1158 1316 1188 Ar—

755 1206 851 1236 cadiae
863 1213 988 1242 monte,
1008 1212 1099 1235 natus
1113 1204 1315 1235 credebatur.

801 1259 831 1289 4.
843 1251 971 1282 Grandi
981 1252 1158 1282 Centaurus
1166 1251 1318 1280 alumno:

753 1299 887 1336 Chiron,
906 1298 1054 1339 Phillyrae
1069 1296 1173 1333 filius,
1198 1296 1317 1337 insigni

751 1345 940 1386 probitatis,
960 1344 1142 1384 sapientiae,
1165 1349 1197 1372 et
1220 1343 1315 1382 aequi-

751 1393 824 1422 tatis
838 1390 931 1420 laude
941 1390 1057 1420 nobilis
1067 1412 1075 1427 ‚
1090 1389 1181 1419 datus
1194 1387 1315 1418 Achilli

752 1437 768 1467 a
791 1437 884 1468 Peleo
908 1443 939 1466 et
965 1436 1118 1474 Thetide,
1132 1434 1315 1464 moderator

751 1490 868 1514 tenerae
894 1483 1006 1519 aetatis,
1026 1493 1062 1512 ac
1091 1481 1247 1521 magister.
1275 1481 1314 1510 In

752 1530 867 1560 coelum
894 1527 911 1558 ἐι
936 1529 1038 1569 poetis
1058 1526 1227 1558 translatus
1249 1532 1314 1563 est,

751 1582 782 1606 et
796 1575 994 1615 Sagittarius,
1018 1574 1083 1603 sive
1104 1573 1309 1607 Arcitenens,

751 1621 790 1651 ab
821 1622 1008 1651 astronomis
1043 1619 1230 1660 appellatur.
1258 1619 1316 1648 Ju-

750 1678 899 1698 vznc.--
919 1668 962 1696 Te
987 1673 1097 1695 manee
1118 1676 1130 1695 .·
1151 1671 1181 1695 te
1201 1674 1314 1704 expec-

750 1720 813 1750 tat,
830 1712 847 1743 ἐι
863 1720 891 1743 te
904 1712 972 1742 solo
989 1710 1184 1742 debellanda.
1195 1727 1240 1733 —-
1254 1710 1316 1739 As-

749 1758 857 1789 saraci
882 1759 996 1789 tellus.-
1019 1755 1172 1788 nimirum
1197 1758 1309 1790 Tr0as,

749 1807 835 1848 regio
860 1805 997 1836 Minoris
1017 1805 1116 1840 Asiae,
1137 1813 1192 1832 seu
1217 1801 1315 1843 Phry-

750 1854 798 1893 gia
812 1874 820 1889 ‚
835 1853 870 1881 iu
886 1849 948 1892 quii
962 1850 1103 1891 regnavit
1123 1849 1294 1879 Assaracus
1305 1869 1313 1884 ,

749 1898 842 1929 Trois
854 1897 933 1927 alter
942 1894 1038 1928 filius.
1057 1905 1135 1925 avus
1145 1893 1310 1924 Anchisae:

751 1944 828 1974 alter
843 1949 946 1973 autem
961 1941 1052 1972 Trois
1067 1939 1152 1970 filius
1165 1939 1225 1970 fuit
1236 1939 1311 1975 Ilus,

751 1989 768 2019 εὶ
787 2000 851 2030 quo
867 1989 997 2027 Trojaui
1021 1997 1107 2028 reges
1129 1985 1311 2026 propagati,

748 2034 943 2072 Laomedon,
961 2034 1112 2064 Priamus.
1127 2033 1148 2062 J
1151 2032 1313 2062 uv.—-L11-

749 2081 848 2112 bricus
862 2092 873 2111 :
883 2081 1029 2110 sinuosus
1039 2101 1048 2116 ‚
1061 2084 1240 2114 tortuosus,
1251 2086 1313 2106 ser·

749 2126 853 2169 Pentis
867 2125 966 2157 instar
985 2124 1176 2165 provolvens
1199 2122 1311 2152 undas.

801 2174 832 2204 5.
847 2172 991 2204 Redimm
1014 2173 1135 2211 Rupere
1149 2180 1160 2199 .·
1184 2168 1312 2209 propria

753 2230 819 2250 vox
845 2219 917 2257 illa,
946 2227 1074 2258 rupere,
1103 2226 1175 2246 cum
1210 2213 1314 2244 fatalia
