1422 2528
980 0 1377 38 -wwvaWJ—tt
1387 0 1393 9 '
1402 10 1410 19 s

509 109 550 149 Q.
575 107 761 141 noRATn
785 109 939 141 FLAcm

225 165 469 215 Rejectaeque
487 169 700 203 retrorsiim
716 167 938 205 Hannibalis
957 165 1086 214 minae3

226 227 312 262 Non
328 225 500 262 incendia
520 225 760 275 Carthaginis
780 226 906 276 impiae
917 254 928 272 ,

225 283 334 333 Ejus,
356 284 422 333 qui
441 284 584 322 domita
598 297 736 322 nomen
751 285 799 322 ab
816 285 945 322 Africa

225 345 410 380 Lucratus
429 344 562 391 rediit,
586 344 724 382 clarius
742 344 908 382 indicant

122 481 230 520 Italia,
258 483 297 513 ad
322 485 477 514 auxilium
507 485 618 526 patriae
644 485 690 515 fe-

124 529 259 559 rendum
274 530 422 561 evolaret.
435 547 482 554 —-
491 531 691 572 Rejectoeque

124 577 289 605 retrorsitm
302 577 490 607 Hannibalis
497 577 591 607 minoe
597 588 608 607 .·
619 578 691 618 post

126 622 260 652 celerem
288 623 401 663 nempe
429 624 497 661 ejus
527 634 567 653 ex
601 622 692 653 Italia

126 667 242 708 fugam,
258 669 351 698 minae
362 679 439 709 quas
454 669 492 699 de
508 672 619 701 Romae
636 680 692 699 ex-

128 714 212 744 cidio
225 715 342 753 jecerat
352 738 360 751 ,
374 714 548 746 retrorsum
566 717 602 746 in
620 717 694 747 Car-

126 760 286 801 thaginem
309 762 433 799 rejectae
458 769 545 794 sunt.
557 779 604 786 —-
618 763 694 792 Non

129 805 279 836 incendia
328 807 529 850 Carthaginis
561 808 667 849 impiae
685 818 694 839 τ

130 863 256 882 versum
269 853 361 882 illum
374 853 475 894 qui'in
487 855 637 884 omnihus
647 865 698 884 an—

128 899 226 939 tiquis
247 899 412 930 codicibus
436 900 564 940 legitur,
597 911 697 941 quan-

130 944 225 985 quam
252 945 269 975 a
293 945 436 976 Bentleio
461 947 627 984 rejectum,
657 947 697 977 ab

132 991 200 1021 aliis
229 992 457 1032 interpretibus
482 994 573 1022 uncis
591 993 697 1023 inclu-

131 1047 201 1067 sum
212 1037 261 1067 vel
269 1039 415 1068 asterisco
425 1045 570 1068 notatum
580 1046 615 1069 nt
625 1050 698 1080 spu-

133 1084 217 1113 rium
239 1091 270 1114 et
294 1085 426 1114 Horatio
444 1084 698 1126 indignum,reti-

133 1130 274 1161 unimus.
295 1132 489 1171 Supponunt
499 1132 548 1161 illi
564 1131 694 1172 quidem

135 1177 305 1206 Horatium
319 1177 457 1218 graviter
472 1188 606 1214 errasse,
624 1188 695 1218 per⁴

133 1232 288 1263 sonasque
302 1229 333 1252 et
343 1229 484 1263 tempora
497 1223 696 1261 confudisse,

135 1266 213 1298 dum
234 1268 373 1299 debitam
388 1269 527 1299 seeundo
546 1269 697 1300 Africano

134 1315 191 1355 qui
203 1315 422 1356 Carthaginem
439 1315 582 1346 incendit
606 1322 637 1345 et
650 1316 702 1346 de-

134 1360 212 1390 levit
225 1361 363 1398 laudem,
373 1363 473 1402 priori
483 1362 634 1392 Africano
646 1364 701 1392 tri-

136 1406 223 1444 buit3
239 1414 269 1437 et
291 1406 355 1437 tam
376 1408 528 1438 inauditae
551 1410 701 1448 ignoran-

136 1454 188 1483 tiae
205 1453 308 1483 labem
318 1453 335 1483 a
347 1455 464 1486 Nostro
475 1465 639 1485 removere
650 1465 702 1484 cu-

136 1499 276 1539 pientes,
294 1510 419 1530 versum
443 1507 497 1530 aut
521 1501 702 1531 eliminave-

138 1551 234 1583 runt,
266 1553 321 1575 aut
356 1547 391 1576 in
426 1547 537 1576 melius
578 1554 702 1576 mutare

137 1592 243 1621 conati
288 1599 377 1630 sunt,
425 1591 597 1622 substituta
641 1592 701 1623 hac

139 1647 237 1674 voce,
254 1636 437 1678 impendia,
456 1639 507 1668 vel
524 1638 701 1678 stipendia,

137 1683 211 1714 loeo
247 1684 378 1722 hujusce
412 1685 583 1721 incendia,
617 1685 706 1725 qubd

140 1731 239 1768 major
267 1731 373 1770 Scipio
403 1730 511 1761 revera
541 1731 706 1771 Carthagi—

139 1786 211 1806 nem
230 1778 340 1807 Romae
362 1775 596 1818 stipendiariam
618 1777 706 1806 fecis-

139 1829 206 1860 set,
232 1829 285 1852 ant
306 1823 389 1853 certe
403 1824 450 1853 illi
467 1824 603 1854 maxima
617 1823 702 1853 dam-

140 1878 180 1898 na
209 1869 375 1900 attulisset.
408 1871 481 1900 Non
508 1869 705 1899 animadver-

141 1921 250 1944 terunt
288 1915 462 1946 doctissimi
498 1917 704 1956 interpretes,

139 1960 220 1990 nihil
240 1971 306 1990 esse
328 1962 449 1992 facilius
469 1961 564 2003 quam
583 1972 706 1992 servare

138 2017 264 2037 versum
275 2029 284 2044 ,
299 2009 400 2047 qualis
422 2015 483 2038 stat
498 2010 533 2038 in
554 2008 703 2038 omnibus

140 2063 231 2090 mss.,
265 2064 418 2094 eumque,
459 2054 546 2084 salvo
579 2054 703 2084 Horatii

139 2098 278 2136 honore,
308 2099 347 2129 ad
371 2111 497 2131 sensum
528 2100 703 2142 legitimum

141 2144 309 2177 adducere.

190 2189 224 2221 1⁰
240 2191 415 2229 Incendia,
433 2192 466 2222 in
481 2192 597 2233 plurali
612 2202 701 2223 num.

742 486 824 516 male
839 497 898 527 pro
911 486 1060 518 incendio
1075 494 1107 518 et
1127 484 1219 518 ruina
1235 489 1310 519 Car-

743 532 879 574 thaginis
917 534 1177 574 interpretantur.
1217 535 1309 566 Nun-

744 578 840 619 quam
859 589 893 609 ea
911 590 976 610 vox
993 590 1053 620 pro
1069 581 1166 610 unius
1189 581 1236 610 rei
1253 590 1310 610 ex-

745 624 848 661 cidio,
872 635 931 666 pro
956 626 1056 656 unius*
1073 627 1208 657 civitatis
1235 626 1312 656 sub-

746 672 892 701 versione
919 679 1069 712 nsnrpata
1104 679 1160 702 est.
1194 672 1311 702 Passim

747 727 816 747 eam
841 718 877 747 in
896 718 1031 759 Virgilio
1051 719 1207 759 reperias,
1236 729 1312 749 con-

747 763 914 804 flagrantes
932 762 1027 794 simul
1049 765 1158 805 plnres
1177 763 1309 800 domos,

747 819 843 839 naves
851 831 860 846 ,
870 816 929 840 etc.
942 810 1064 850 semper
1073 811 1314 851 exprimentem,

749 855 906 895 nusquam
923 856 1028 893 Trojae
1041 855 1163 886 fatalem
1179 857 1313 888 exitum.

753 900 921 941 Victorque
944 901 1045 931 Sinon
1067 901 1219 933 incendia
1239 903 1315 932 mis-

750 953 800 976 cet
807 958 820 983 ;
834 947 914 976 dant
925 947 1016 977 clara
1026 947 1177 979 incendia
1189 948 1291 979 lucem
1301 960 1315 985 ,-

745 992 938 1034 propiusque
959 1000 1053 1024 aestus
1067 994 1218 1025 incendia
1240 995 1315 1026 vol-

750 1047 836 1070 vunt.

797 1090 833 1115 2⁰
847 1085 1020 1116 Infeliciter
1036 1085 1215 1127 stipendia,
1233 1086 1318 1117 mul-

749 1131 782 1161 to
795 1131 954 1162 infelicius
975 1131 1139 1173 impendia
1149 1155 1158 1170 ‚
1183 1132 1255 1163 voci
1270 1132 1318 1162 in·

748 1177 864 1207 cendia
878 1178 1129 1209 substituuntur.
1155 1177 1235 1210 Nam
1262 1179 1315 1209 sti-

743 1223 870 1263 pendia
894 1223 1116 1265 Carthaginis,
1135 1234 1195 1265 pro
1215 1225 1318 1255 ‘vecti-

750 1270 845 1311 galia
875 1269 1064 1312 Carthagini
1092 1269 1240 1311 imposita
1260 1272 1316 1300 vix

752 1315 867 1353 latina,
900 1315 1019 1346 nedum
1054 1318 1178 1357 poetica
1206 1317 1317 1359 lingua

754 1361 943 1400 admitteret;
959 1363 1098 1392 etaltera
1107 1374 1182 1401 vox,
1194 1363 1318 1404 impen-

754 1407 829 1446 dia,
845 1409 941 1438 semel
958 1419 996 1439 eo
1010 1419 1104 1438 sensu
1114 1431 1124 1447 ,
1147 1409 1202 1439 sed
1222 1409 1238 1439 a
1254 1412 1318 1441 Sta-

754 1455 800 1484 tio
825 1455 965 1485 adhibita
973 1461 1031 1492 est,
1040 1455 1131 1493 eujus
1147 1457 1319 1486 auctoritas

754 1511 821 1530 non
839 1501 918 1531 adeo
930 1500 1021 1531 firma
1038 1507 1084 1531 est
1099 1508 1136 1531 ut
1158 1500 1254 1532 fidem
1273 1503 1321 1532 in—

755 1553 871 1588 tegram
899 1547 1060 1578 dubitanti
1089 1548 1193 1580 faciat.
1218 1550 1321 1579 Locus

754 1599 800 1622 est
813 1594 848 1622 in
857 1593 945 1634 Sylv.
961 1595 1009 1623 ΙΙΙ
1020 1616 1029 1631 ,
1045 1595 1063 1623 3
1076 1615 1085 1630 ,
1103 1594 1144 1623 88
1158 1604 1168 1625 :
1184 1596 1323 1635 δρακα-

758 1649 819 1679 que
831 1649 894 1679 per
909 1650 1018 1669 omnes
1035 1639 1159 1670 Divitia·
1164 1641 1302 1681 populos
1309 1663 1321 1677 ,

758 1684 929 1726 magnique
943 1686 1103 1726 impendia
1117 1686 1251 1723 mitudi;
1265 1686 1323 1716 ubi

759 1731 849 1761 aliam
867 1733 1161 1772 interpretationem
1178 1732 1268 1763 facile
1287 1742 1322 1762 ea

757 1787 838 1815 vox,
855 1777 1035 1817 impendia,
1051 1778 1193 1818 accipere
1206 1785 1321 1819 posset.

807 1824 843 1853 3⁰
859 1823 948 1863 Quid
967 1822 1076 1865 igitur,
1103 1834 1160 1864 per
1190 1824 1323 1854 Cartha-

755 1868 841 1910 ginis
879 1869 1031 1899 incendia
1058 1869 1318 1910 intelligendum,

759 1914 833 1945 ciim
868 1917 934 1956 ipsa
972 1915 1127 1956 Carthago
1154 1914 1172 1945 ὲ
1202 1917 1320 1955 majore

757 1962 911 1992 Africano
946 1972 1014 1992 non
1046 1962 1174 1991 incensa
1203 1962 1323 1993 fuerit?

758 2007 902 2048 Intellige
919 2017 1046 2048 magnas
1057 2007 1126 2037 illas
1138 2018 1237 2048 opum
1249 2009 1325 2039 Car-

757 2054 998 2097 thaginiensium
1023 2064 1080 2094 per
1108 2054 1214 2094 ignem
1250 2054 1325 2085 sub-

755 2102 935 2138 versiones3
964 2100 1103 2141 intellige
1138 2099 1212 2130 bina
1253 2099 1321 2130 tiam

755 2147 924 2187 Syphacis,
939 2144 1007 2176 iiim
1027 2145 1234 2176 Hasdrubalis
1253 2157 1319 2177 cas-

755 2198 822 2231 tra,
858 2203 995 2233 quorum
1037 2191 1316 2235 conflagrationem
