1422 2528
521 136 600 169 Lm.
625 137 673 169 IV
697 138 787 170 ODE
811 138 873 169 lx.

1259 141 1300 174 47

192 196 393 235 Primusve
410 198 560 235 Teucer
576 195 592 220 ⁵
610 197 686 235 tela
704 195 880 247 Cydonio

194 257 348 295 Direxit
368 271 478 306 arcu3
498 271 576 296 non
596 258 712 296 semel
732 257 823 295 Ilios

247 320 415 366 Vexata3
434 331 512 356 non
530 318 719 370 pugnavit
737 319 872 368 ingens

303 380 532 419 Idomeneus
553 381 807 419 Sthenelusve
829 380 932 418 solus
1275 393 1306 411 ιο

196 440 367 478 Dicenda
383 443 506 480 Musis
522 442 673 493 praelia;
692 453 771 479 non
790 440 902 478 ferox

197 503 343 540 Hector
361 502 421 540 vel
441 516 530 540 acer
548 501 779 553 Deiphobus
798 514 934 553 graves

250 564 411 615 Excepit
429 565 527 603 ictus
547 577 620 615 pro
641 564 791 616 pudicis

301 624 539 676 Conjugibus
554 626 764 676 puerisque
781 624 942 676 primus.

196 684 338 723 Vixere
356 685 475 724 fortes
492 696 579 725 ante
598 691 889 737 Agamemnona
1277 691 1308 717 ²⁵

198 746 313 783 Multi
333 747 367 793 ⁶;
387 747 455 785 sed
474 761 611 786 omnes
629 747 912 788 illacrimabiles

93 985 168 1016 net3
185 974 244 1009 sed
271 977 311 1009 de
333 977 494 1010 industria
515 977 556 1009 ad
572 976 672 1009 finem

93 1026 210 1065 rejecta
232 1033 292 1057 cst.
308 1025 429 1056 Mulier
442 1028 605 1068 Spartauae
625 1037 673 1056 se·

92 1074 219 1104 veritati
251 1080 375 1103 assueta
403 1074 506 1104 multo
530 1071 672 1103 vividius

92 1118 267 1162 magnifico
283 1119 405 1151 Paridis
417 1121 509 1151 cultu
524 1127 554 1150 et
571 1121 672 1150 comi-

94 1173 164 1198 tatu
178 1166 263 1198 affici
278 1167 401 1198 debuit.

142 1214 175 1246 5.
191 1214 355 1246 primusve
373 1217 513 1246 Teucer:
531 1215 571 1247 de
593 1217 675 1246 Teu-

95 1271 171 1300 cro,
203 1263 312 1302 Ajacis
344 1262 525 1293 Telamonii
556 1264 670 1301 fratre,

94 1307 163 1341 vid.
177 1309 275 1352 supra
291 1309 354 1342 Od.
369 1312 403 1347 Ι,
427 1321 443 1349 7
456 1333 466 1347 ,
484 1321 597 1341 21.-—
614 1309 674 1350 Cy-

96 1355 196 1387 donia
209 1367 288 1387 arcu
298 1368 310 1387 .·
327 1356 445 1399 Cydon
455 1380 465 1394 ,
478 1357 558 1388 urbs
572 1359 677 1389 Cretae

95 1403 307 1443 nobilissima.
335 1406 385 1435 De
409 1405 551 1435 arcubus
570 1412 602 1435 et
625 1414 674 1434 sa-

96 1451 184 1493 gittis
215 1451 442 1489 Cretensibus,
467 1451 542 1482 vide
579 1449 676 1493 supra

97 1497 161 1530 Od.
190 1500 226 1537 1,
257 1499 310 1537 15,
339 1508 392 1541 17.
407 1515 456 1522 —-
472 1499 549 1529 Non
577 1497 679 1528 semel

99 1543 178 1578 Ilias
203 1553 360 1577 vexata:
387 1545 484 1583 Ilios,
499 1544 601 1588 graeczi
628 1547 679 1575 in-

98 1589 262 1630 flexione,
279 1599 311 1623 et
332 1591 402 1623 tum
419 1592 566 1631 feminini
584 1603 677 1635 geue-

99 1638 155 1669 ris.
182 1640 278 1679 Troja
306 1640 358 1670 bis
389 1640 462 1671 aute
485 1641 676 1671 Graecorum

98 1684 316 1725 obsidionem,
325 1685 467 1728 primum
476 1687 517 1718 ab
526 1687 680 1726 Hercule,

100 1732 219 1765 deinde
241 1734 283 1765 ab
303 1734 527 1765 Amazonibus
555 1745 680 1776 oppug-

100 1787 176 1812 nata
205 1780 327 1821 fuerat3
355 1792 428 1823 quae
459 1782 531 1812 duae
557 1783 682 1824 priores

100 1826 319 1868 obsessiones,
345 1828 363 1859 a
389 1830 493 1870 poetis
516 1827 683 1870 nunquam

100 1874 292 1915 celebratae,
319 1877 376 1907 vix
403 1877 684 1907 innotescunt.—

101 1921 296 1954 Idomeneus
310 1934 322 1953 .·
337 1924 539 1955 Cretensium
556 1934 625 1954 rex,
635 1941 684 1947 —-

102 1969 225 2012 Ingens
250 1981 263 2000 :
288 1969 480 2002 fortitudine
511 1970 572 2001 deo
595 1970 683 2001 haud

103 2015 266 2049 absimilis.
286 2017 364 2048 Vid.
392 2016 484 2048 Iliad.
508 2020 574 2052 ΙΙΙ,
600 2019 681 2048 230.

105 2061 297 2095 Sthenelus:
315 2065 355 2095 de
374 2064 544 2103 Sthenelo,
566 2064 682 2106 supra,

105 2108 171 2141 Od.
193 2113 228 2148 1,
258 2112 317 2150 15,
348 2117 464 2148 24.—
481 2113 601 2141 Hector
626 2112 687 2142 ‘vel

106 2166 186 2186 acer
197 2157 381 2200 Deiphobus
393 2169 404 2187 .·
418 2165 557 2199 uterque
567 2159 686 2189 Priami

106 2200 206 2242 filius,
217 2212 353 2247 uterque
362 2213 461 2236 notus
477 2207 577 2247 magis
588 2204 686 2247 quam

108 2256 146 2282 ut
160 2248 214 2282 hic
226 2251 356 2295 longior
370 2252 411 2284 de
419 2254 460 2284 iis
475 2253 599 2284 mentio
614 2250 683 2285 fiat.

727 976 812 1010 Vide
834 978 940 1008 tamen
963 976 1003 1007 de
1020 975 1185 1018 Deiphobi
1205 983 1311 1007 morte

727 1026 887 1068 insignem
913 1025 1004 1066 Virg.
1027 1024 1157 1061 locum,
1180 1023 1305 1054 AEneid.

727 1075 794 1111 Vl,
828 1072 994 1112 494—529.
1024 1089 1072 1095 —-
1097 1073 1161 1102 Pro
1185 1070 1313 1112 pudicis

730 1119 926 1162 Conjug'bus
953 1118 1124 1160 puerisque
1142 1129 1154 1148 :
1185 1128 1313 1160 genera-

726 1168 801 1198 liter
811 1167 852 1197 de
865 1167 1015 1205 Trojam's
1025 1165 1222 1207 conjugibus
1235 1176 1311 1207 pue-

727 1217 854 1256 risque,
876 1224 944 1244 non
959 1213 998 1244 de
1017 1213 1160 1243 duorum
1176 1213 1312 1243 fratrum

730 1261 926 1304 conjugibus
950 1261 1106 1302 intellige.
1129 1260 1313 1291 Androm&

731 1309 791 1340 che
803 1308 948 1351 quidem,
958 1309 1108 1339 Hectoris
1120 1318 1217 1346 uxor,
1229 1314 1313 1338 casta

731 1358 809 1394 fuit3
838 1355 895 1386 sed
932 1356 1056 1386 nnllam
1087 1355 1180 1385 aliam
1216 1353 1315 1385 duxit

730 1414 868 1436 uxorem
891 1403 1100 1444 Deiphobu5‚
1115 1400 1214 1443 quam
1241 1403 1311 1432 exi—

731 1451 839 1482 tialem
861 1450 950 1481 illam
969 1451 1145 1487 Helenam,
1164 1459 1238 1490 quae
1253 1449 1316 1491 ipsi

730 1505 870 1530 mortem
909 1498 1084 1535 conscivit,
1113 1503 1145 1527 et
1176 1495 1217 1526 de
1251 1495 1315 1538 quai

733 1547 888 1578 Racinius
917 1546 1059 1576 Noster:
1085 1542 1236 1575 Combien
1258 1554 1317 1574 nos

722 1592 836 1636 fionts
851 1603 939 1634 pour
959 1592 1021 1622 elle
1040 1591 1150 1622 ont-ils
1165 1591 1260 1633 mugi
1275 1591 1318 1621 de

724 1640 794 1683 fois
805 1644 822 1671 ,θ
837 1640 943 1682 Iphig.
954 1646 1016 1670 act.
1032 1640 1091 1676 IV,
1109 1649 1197 1669 scen.
1210 1644 1243 1675 4.

783 1687 816 1718 6.
832 1687 951 1718 Multi.-
973 1697 1047 1717 cum
1070 1686 1105 1716 vi
1122 1692 1154 1716 et
1175 1685 1314 1716 consilio

735 1735 770 1765 in
787 1735 881 1765 initio
900 1732 1012 1764 versus
1038 1740 1069 1764 et
1083 1734 1119 1763 in
1135 1731 1202 1763 fine
1221 1743 1320 1763 mem-

736 1783 790 1813 bri
803 1781 955 1822 phraseos
966 1782 1071 1823 posita
1084 1790 1151 1811 vox
1162 1781 1169 1812 !
1179 1798 1227 1804 —
1240 1780 1318 1810 IIIa-

738 1828 920 1860 crimabiles
933 1839 944 1859 .·
953 1839 1022 1859 non
1038 1827 1119 1865 fleti,
1128 1827 1228 1858 nullis
1242 1834 1318 1858 aeta-

738 1883 808 1907 tum
832 1877 1037 1917 sequentium
1069 1874 1190 1916 quibus
1213 1875 1319 1917 ignoti

736 1930 832 1961 sunt,
860 1923 1002 1953 lacrimis
1039 1922 1194 1953 decorati.
1229 1923 1316 1954 Nota

736 1970 882 2001 eamdem
896 1980 1011 2000 vocem
1020 1992 1029 2008 ,
1043 1968 1318 2005 illacrimabilem,

737 2029 833 2048 sensu
865 2015 997 2059 prorsus
1035 2016 1164 2047 diverso
1188 2026 1321 2058 usurpa-

737 2072 803 2096 tam
828 2065 947 2102 fuisse,
975 2063 1072 2106 supra
1100 2063 1164 2095 Od.
1187 2064 1236 2102 ΙΙ,
1260 2069 1317 2101 14,

740 2113 773 2143 6.
789 2114 896 2153 Quem
912 2112 1022 2142 locum
1042 2110 1186 2142 consule.
1199 2129 1245 2134 --
1263 2113 1320 2141 Ur-

737 2166 857 2202 gencur
897 2156 998 2201 longa*
1040 2164 1134 2189 nocte
1172 2169 1183 2188 .·
1220 2157 1317 2198 longa

739 2206 925 2244 oblivione,
954 2206 1047 2247 quasi
1072 2206 1237 2247 perpetuis
1273 2211 1319 2234 te-

739 2253 869 2293 nebris,
896 2253 1095 2285 obruuntur.
1124 2271 1172 2276 —
1201 2252 1324 2284 Carene
