1422 2528
541 119 622 150 mn.
646 118 697 149 1v
721 118 810 150 onE
828 119 907 151 vu,
1121 107 1124 109 ’
1302 117 1344 156 39

282 170 287 174 Ι
339 180 498 220 Liberat
515 180 785 233 Hippolytum,

129 245 212 284 Nec
231 243 391 284 Lethaea
407 244 509 282 valet
527 243 700 281 Theseus
717 241 950 293 abrumpere
968 252 1060 277 caro

338 304 503 343 Vincula
516 305 703 343 Pirithoo.

129 455 170 486 ab
185 465 224 486 eo
233 461 401 497 repeteret.
411 454 585 496 Neptunus
597 453 711 484 eduxit

99 526 102 527 γ
130 503 148 534 ὸ
166 503 248 534 mari
263 502 402 545 phocas,
417 500 561 543 cumque
583 502 711 542 Hippo-

128 549 218 592 lytus
240 550 320 580 iram
345 548 468 580 creduli
493 549 637 590 parentis
664 547 710 578 ef-

128 596 259 638 fugere,
275 607 452 628 conscenso
470 606 590 634 curm,
609 602 709 626 tenta-

128 650 188 683 ret,
199 643 239 674 ab
245 645 336 686 equis
345 644 522 686 phocarum
531 650 710 685 conspectu

128 693 310 730 exterritis,
326 691 479 733 abreptus
505 698 552 721 est
575 692 708 721 in'sco-

127 738 223 780 pulos
239 745 271 769 et
289 738 436 769 littoreas
457 745 584 776 cautes,
596 738 707 779 ibique

127 784 319 828 discerptus.
328 787 453 823 Dianae,
464 785 508 816 ob
517 785 708 827 pudicitiam

126 838 159 863 et
179 834 362 864 venationis
386 833 550 871 studium,
568 832 706 864 dilectus

126 886 204 912 erat.
221 882 340 913 Noster
358 881 574 922 antiquiorem
588 880 706 910 fabulae

126 927 243 958 faciem
265 935 484 969 repraesentat.
506 930 588 959 Rem
614 927 706 958 aliter

128 981 237 1005 narrat
244 974 388 1006 *Ovidius
401 976 534 1006 Metam.
544 977 621 1013 XV,
638 975 656 1005 5
662 975 703 1005 32

127 1027 159 1052 et
175 1032 265 1065 seqq.
278 1022 482 1065 Hippolytus
501 1023 570 1065 ipse
595 1023 706 1054 asserit

763 464 797 484 se
811 453 853 484 ab
863 453 1062 494 AEsculapio,
1074 450 1238 492 Apollinis
1252 448 1321 480 filio
1336 473 1344 486 ‚

763 500 804 531 ad
832 501 932 531 vitam
967 499 1139 530 reductum
1179 498 1292 534 fuisse,
1327 496 1345 527 ὲ

762 547 867 579 Dian&
889 547 1006 578 deinde
1031 547 1070 578 ab
1092 546 1205 576 inferis
1228 551 1347 574 retrac-

763 602 835 626 tum
846 619 855 635 ,
868 602 901 626 et
915 594 1005 626 nnnc
1016 617 1025 633 ,
1036 593 1280 625 immortalitate
1292 592 1347 623 do-

763 650 897 681 natum,
928 653 1003 673 cum
1025 640 1171 684 nymph&
1205 640 1348 670 nemoris

761 691 898 731 Aricini,
912 689 974 720 sub
990 691 1123 720 nomine
1132 687 1242 719 Virbii
1260 687 1343 717 divi-

762 748 823 768 nos
838 737 981 769 honores
1005 738 1131 779 partiri.
1146 753 1193 758 -
1210 734 1345 765 Lethea

760 784 899 816 'vincula
922 796 933 816 .·
958 792 1086 815 catenas
1117 782 1235 825 quibus
1260 783 1343 814 Piri-

761 831 859 864 thous
893 834 929 863 in
965 835 1100 864 Tartaro
1130 830 1189 861 ubi
1222 829 1343 860 fluvius

765 879 880 917 Lethe,
924 881 960 910 in
992 887 1148 910 aeternum
1182 877 1344 919 alligatur.

759 928 809 958 De
832 929 871 958 iis
896 927 969 959 vide
988 925 1102 969 supro,
1129 925 1192 957 Od.
1211 926 1278 965 111,
1298 931 1315 961 4
1335 947 1344 963 ,

763 975 806 1006 80
818 998 827 1015 ,
843 982 875 1006 et
893 982 1003 1007 notam
1021 976 1057 1006 in
1076 974 1108 1005 h.
1124 973 1148 1005 1.
