1422 2528
151 161 164 180 1
172 161 188 189 7
195 157 214 187 4
549 149 930 183 PRAEFATIUNCULA.

146 217 359 267 lyricorum,
367 216 593 267 scriptorem
606 217 647 254 in
665 214 774 253 libris
787 213 1032 265 sequentibus
1047 215 1242 264 nunquam
1255 225 1334 252 esse

145 282 416 320 inveniendum
427 294 657 333 praesumere
670 293 748 318 non
758 280 966 331 dubitaret.
991 277 1217 318 Notavimus
1230 277 1336 316 iden-

146 348 262 386 tidem
282 349 385 386 locos
403 349 443 386 in
462 348 602 399 quibus
620 361 676 395 se,
699 359 814 399 quem
830 349 999 385 Fortuna
1016 345 1180 396 Virgilio
1197 351 1336 382 coaeta-

145 425 260 450 neum
273 411 435 460 fecerat,
452 412 614 463 Virgilio
631 424 786 462 quoque
803 412 863 449 vel
876 411 915 447 in
933 409 1181 455 hexametris,
1196 420 1334 445 nume-

146 491 276 516 rorum
291 478 529 529 poeticorum
542 477 740 527 gravitate,
757 485 795 513 et
809 476 892 526 ipsa
909 473 1102 513 scribendi
1117 472 1330 524 diligentia,

146 544 323 581 aemulum
340 543 445 580 haud
463 540 850 593 imparem-praestitit.

195 611 254 663 pe
267 608 481 643 Satirarum
491 606 619 658 (quam
634 619 767 643 vocem
781 603 971 649 nonnulli,
989 603 1226 652 Satyrarum,
1242 602 1336 639 scri-

145 673 261 724 bunt)
287 673 439 711 nomine
467 682 504 711 et
530 672 758 723 etymologia
785 684 907 723 pauca
936 670 1153 708 referemus.
1191 671 1238 706 In
1259 668 1336 706 hoc

145 739 377 777 conveniunt
395 751 524 776 omnes
542 737 700 785 eruditi,
724 736 886 775 verbum
903 734 997 773 illud
1012 733 1178 772 derivari
1194 735 1217 770 a
1229 733 1335 770 lance

146 803 356 855 omnigenis
374 803 525 841 ferculis
541 803 689 848 satura,
708 803 746 839 h.
763 815 795 840 e.
815 802 928 852 plena
938 829 948 847 ,
963 803 1050 838 cum
1068 811 1114 837 ea
1130 798 1179 836 sit
1194 796 1335 834 Satirae

145 878 283 908 natura
309 878 353 906 ut
381 882 442 906 res
473 868 615 915 varias,
651 881 711 906 res
741 867 856 905 etiam
887 864 1199 917 disjunctissimas
1227 875 1334 900 corn—

146 933 374 985 prehendat3
392 936 497 988 nam,
518 942 560 971 ut
584 933 637 970 ait
665 933 760 970 alter
779 933 800 968 a
829 926 972 969 Nostro
996 937 1108 980 poeta
1140 927 1334 973 satiricus,

145 1002 167 1036 J
170 999 355 1046 uvenalis,
1107 989 1110 992 ⁴

215 1117 383 1159 Quidquid
394 1124 494 1160 agunt
511 1117 673 1155 homines,
692 1123 822 1152 votum,
840 1101 948 1150 timor,
961 1113 1024 1151 ira,
1043 1112 1207 1152 volupta5‚

216 1171 342 1202 Gaudia
351 1193 360 1209 ,
373 1170 536 1201 discursus
544 1192 556 1207 ,
574 1169 677 1200 nostri
688 1175 735 1199 est
750 1169 877 1209 farrago
889 1165 1001 1196 libelli.

146 1277 283 1324 Porro,
307 1277 459 1326 farrago
482 1273 580 1312 nihil
605 1273 709 1311 aliud
735 1281 809 1319 est,
841 1273 956 1321 quam
983 1268 1116 1319 pabuli
1147 1267 1338 1318 quoddam

147 1355 284 1394 genus,
310 1354 358 1379 ex
377 1340 492 1378 variis
512 1337 739 1382 seminibus,
765 1344 805 1373 ut
824 1335 987 1381 hordeo,
1011 1332 1110 1371 vicia
1135 1332 1339 1382 legumini—

145 1409 293 1458 busque
313 1407 396 1444 aliis
410 1405 571 1443 mixtum
589 1413 627 1442 et
644 1401 911 1452 compositum.

198 1476 243 1511 In
261 1473 360 1510 notis
379 1471 427 1508 ad
442 1472 576 1507 Artem
587 1469 808 1517 poeticam,
827 1465 922 1503 nihil
948 1477 1029 1502 esse
1054 1469 1252 1501 commune
1271 1462 1339 1500 de-

145 1537 441 1576 monstrabimus
466 1537 566 1574 inter
584 1535 745 1577 Satiras,
770 1541 807 1570 et
828 1531 890 1573 illa
910 1529 1077 1567 carmina
1098 1541 1183 1579 quae
1205 1531 1226 1565 a
1245 1540 1338 1566 voce

147 1605 286 1654 graecai,
306 1607 458 1652 Σατύροι,
479 1600 595 1638 latine
609 1600 741 1648 Satyri
757 1598 858 1635 dicta
870 1604 969 1634 sunt.

198 1670 256 1705 De
269 1667 486 1705 Satirarum
499 1664 681 1714 utilitate,
694 1663 740 1701 de
757 1661 896 1699 finibus
914 1660 981 1711 qui
995 1661 1191 1710 nunquam
1205 1658 1246 1696 in
1264 1658 1338 1697 hoc

146 1731 360 1784 periculoso
374 1728 567 1768 scribendi
583 1741 721 1779 genere
738 1723 1042 1777 transgrediendi
1057 1731 1144 1761 sunt
1158 1723 1338 1761 nonnulla

148 1799 394 1842 adderemus,
413 1796 487 1833 nisi
503 1794 614 1832 nobis
631 1794 842 1846 praeivisset
862 1791 1045 1829 Horatius
1063 1790 1145 1840 ipse
1158 1789 1198 1826 in
1210 1789 1337 1827 multis

146 1864 258 1911 locis,
290 1862 356 1900 sed
391 1860 575 1912 peculiari
610 1859 804 1910 diligentia
831 1857 870 1896 in
903 1856 1025 1908 prima
1058 1853 1214 1892 secundi
1247 1853 1338 1891 libri

146 1931 288 1976 Satira,
324 1941 445 1966 causae
474 1940 551 1964 suae
586 1926 762 1965 defensor
801 1925 1004 1974 eloquens,
1045 1921 1113 1972 qui
1140 1919 1337 1958 materiam

146 1998 199 2034 ita
220 1994 412 2042 tractavit,
433 2002 475 2032 ut
489 1991 843 2039 nobisshumilibus
861 1989 956 2027 tanti
973 1986 1115 2038 ingenii
1134 1995 1336 2025 annotato-

149 2062 273 2108 ribus‚
290 2061 408 2099 solam
425 2057 637 2097 admirandi
654 2067 691 2096 et
706 2057 842 2096 silendi
858 2054 1114 2094 conditionem
1129 2051 1336 2104 reliquerit

498 2211 1011 2234 ἠῢν-’Ἣ
