1422 2528
161 122 225 143 210
264 126 266 128 '

545 112 787 155 Q.110RAT11
810 113 960 162 mem

163 172 201 210 Si
215 174 299 222 quis
313 181 393 209 etat
413 173 548 223 dignus
563 174 728 212 describi
747 183 782 220 ²,
800 176 903 226 quod
926 179 1048 216 malus
1061 191 1104 216 ac
1123 179 1198 229 fur,

166 231 280 279 Quod
297 231 464 270 moechus
481 234 594 278 foret,
613 243 679 271 aut
691 235 870 280 sicarius,
889 245 954 274 aut
977 237 1118 288 alioqui

165 296 365 340 Famosus,
387 293 502 330 multsi
522 306 607 330 cum
628 293 799 331 libertate
814 295 1007 333 notabant.
1331 307 1344 331 5

165 350 263 390 Hmc
285 353 405 390 omnis
424 352 561 402 pendet
581 353 766 400 Lucilius,
788 354 901 391 hosce
921 364 1090 401 secutus,

166 413 323 450 Mutatis
338 414 482 449 tantum
502 411 661 462 pedibus
675 414 929 464 numerisque,
949 415 1112 464 facetus,

165 473 359 508 Emunctae
379 472 498 516 naris,
522 471 640 508 durus
656 485 883 522 componere
903 487 1044 512 versus.

166 531 263 567 Num
284 530 355 566 fuit
374 530 447 566 hoc
461 531 618 568 vitiosus
635 530 669 577 3;
689 533 728 568 in
744 532 839 569 hora
857 535 955 583 saepe
975 535 1174 582 ducentos,

167 592 220 627 Ut
239 603 433 639 magnum,
453 603 584 627 versus
603 590 787 637 dictabat,
805 599 904 630 stans
921 593 1016 643 pede
1034 594 1073 630 in
1094 607 1181 632 uno.
1318 614 1348 628 ιι.»

169 651 264 687 Cum
283 648 416 687 flueret
434 650 655 696 lutulentus,
673 660 753 688 erat
769 651 872 701 quod
893 652 1025 690 tollere
1045 653 1178 706 yelles;

168 842 251 872 diam
281 841 411 871 decebat
433 841 467 871 in
491 847 578 872 recto
610 842 734 883 politici

169 888 331 928 regiminis
351 887 464 917 ordine
476 910 485 926 ‚
501 888 627 928 qualem
647 889 734 918 illam

168 936 290 976 primus
305 933 480 963 Menander
495 936 632 965 restituit
651 933 735 975 apud

168 982 316 1017 Graecos,
350 980 452 1020 qualis
482 980 589 1021 postea
626 983 736 1012 Romae

169 1027 297 1062 floruit,
313 1025 415 1066 qualis
428 1025 514 1056 nunc
529 1026 666 1068 denique
682 1038 736 1057 ex-

171 1080 214 1103 tat
230 1071 315 1114 apud
331 1082 442 1102 omnes
465 1075 657 1103 recentiores
679 1084 737 1114 po-

170 1119 273 1161 pulos⁸
306 1119 444 1149 Consule
473 1120 634 1157 Bolaeum,
664 1121 736 1151 Art.

170 1165 363 1207 poet.‚libro
377 1166 439 1202 111,
454 1166 489 1195 in
507 1164 581 1196 fine.

221 1222 253 1242 2.
285 1210 320 1240 Si
345 1210 414 1251 quis
437 1219 506 1241 erat
533 1211 647 1253 dignus
681 1211 737 1241 de-

173 1257 266 1297 scribi
286 1268 297 1287 .·
324 1257 452 1287 infamia
478 1259 600 1295 notari,
631 1257 737 1299 quales

171 1304 303 1335 Athenis
349 1303 445 1333 fuisse
489 1310 738 1334 commemorant

172 1350 341 1386 Cleonem,
381 1349 627 1390 Cleophantem,
667 1351 736 1390 Hy-

173 1396 360 1438 perbolum,
383 1395 526 1425 homines
544 1397 740 1426 sceleratissi—

173 1453 253 1474 mos
270 1444 330 1480 At,
349 1452 423 1472 cum
446 1453 462 1471 e
482 1442 628 1472 libertate
648 1441 738 1472 facile

174 1491 296 1519 oriatur
323 1465 468 1525 licentia,
496 1499 601 1529 neque
624 1489 739 1519 Pericli

174 1534 321 1566 Cratinus
351 1535 509 1575 pepercit,
547 1545 650 1575 neque
677 1535 740 1574 ipsi

174 1581 296 1612 Socrati
326 1580 564 1621 Aristophanes.
584 1598 630 1603 —-
654 1579 740 1611 Hinc

176 1626 279 1657 onmis
303 1626 425 1667 pendet
451 1626 589 1656 Lucilms
614 1637 626 1656 .·
652 1627 739 1667 quod

172 1680 277 1714 poetae
292 1673 386 1715 graeci
403 1674 437 1703 in
453 1670 562 1714 priscd
582 1671 739 1703 comoedia

173 1720 313 1751 fecerant
324 1742 333 1758 ‚
349 1720 383 1749 id
395 1720 430 1749 in
451 1718 546 1749 satira
561 1726 737 1760 exequutus

176 1772 223 1796 est
242 1768 353 1797 Romae
366 1766 522 1803 Lucilius,
542 1766 574 1796 h.
597 1777 626 1796 e.
646 1767 738 1797 vitio-

175 1823 228 1843 sos
244 1813 407 1850 homines,
433 1813 563 1842 nomine
582 1822 739 1854 quemque

176 1869 236 1888 suo
252 1861 395 1897 notavit3
425 1860 547 1899 primus
566 1857 673 1889 latinae
693 1869 740 1889 sa-

172 1905 242 1934 tirae
277 1912 405 1943 auctor,
437 1911 530 1934 natus
561 1905 739 1945 Auruneae,

173 1952 254 1981 Latii
281 1952 427 1982 civitatis.
446 1968 493 1974 —-
510 1950 641 1980 Mucacis
664 1959 739 1981 can-

173 1997 240 2026 cc'tm
259 1997 395 2037 pedibus
417 1995 614 2037 numerisque
634 2007 645 2026 .·
665 1997 739 2038 quia

171 2042 362 2075 hexametris
377 2054 452 2074 usus
466 2050 530 2080 est,
545 2053 617 2073 cum
629 2053 743 2074 comoe-

174 2089 235 2119 diae
255 2099 389 2151 graecae
385 2090 522 2120 iambico
538 2096 640 2119 metro
662 2091 739 2120 scri-

174 2135 336 2173 berentur.
353 2133 399 2160 —
421 2137 589 2166 Emunccoe
611 2146 699 2166 naris
725 2147 737 2167 .·

175 2182 370 2224 metaphora
376 2188 438 2222 est,
457 2193 497 2213 ex
519 2192 556 2213 eo
577 2181 735 2222 derivata,

785 843 874 883 quod
895 850 931 873 ut
948 844 996 874 illi
1014 845 1130 885 quibus
1155 856 1245 877 nares
1270 847 1351 879 bene

786 897 941 919 emuncta}
965 898 1057 927 sunt,
1087 891 1202 922 odores
1229 893 1352 924 facilius

787 935 990 973 discernunt,
1009 937 1055 966 sic
1081 945 1112 967 et
1138 939 1198 969 viri
1218 939 1353 970 delicato

785 981 907 1020 judicio
924 982 1068 1023 praediti,
1085 983 1164 1024 quid
1183 986 1219 1015 in
1242 986 1354 1028 agendi

788 1029 910 1058 ratione
926 1028 1035 1059 deceat
1045 1052 1053 1067 ‚
1073 1030 1152 1070 quid
1167 1041 1252 1070 non,
1259 1011 1355 1073 equid

789 1075 823 1103 in
836 1075 959 1115 seriptis
972 1075 1124 1106 laudandi
1136 1083 1191 1107 aut
1203 1088 1257 1108 cai
1257 1078 1354 1119 pendi

789 1122 830 1150 sit
845 1119 957 1150 melius
970 1124 1110 1152 sentiunt
1125 1130 1156 1153 et
1172 1124 1263 1163 quasi
1276 1125 1353 1155 olfa-

789 1167 889 1197 ciunt.
903 1184 948 1189 -—
963 1166 1068 1198 Durus
1077 1179 1266 1210 componere
1279 1181 1353 1200 ver-

789 1223 841 1242 sus
859 1224 869 1243 .·
885 1214 920 1243 in
936 1214 1078 1254 aptandis
1103 1226 1252 1246 versuum
1266 1216 1353 1257 pedi-

790 1259 867 1296 bus,
891 1260 926 1288 in
954 1261 1184 1291 concinnandis
1213 1264 1354 1293 numeris

789 1303 902 1345 parum
926 1305 1075 1346 diligens;
1101 1305 1290 1349 plerumque
1314 1319 1357 1340 as-

790 1352 896 1391 perior
913 1359 944 1381 et
962 1354 1124 1393 agrestior.

851 1398 881 1428 3.
914 1397 1000 1428 Νὰνη
1017 1398 1087 1439 fuit
1108 1398 1166 1429 Ιιοο
1195 1399 1353 1431 vitiosus:

791 1440 866 1473 nam
878 1444 912 1473 in
925 1454 963 1474 eo
972 1444 1145 1483 laborabat,
1153 1445 1285 1485 seilicet,
1293 1454 1352 1480 etc.

791 1505 837 1512 —-
855 1491 895 1520 Ue
913 1500 1066 1531 magnum
1084 1502 1095 1521 :
1108 1491 1198 1533 quasi
1213 1493 1295 1523 illud
1310 1494 1351 1524 fe-

791 1535 888 1565 cundi
906 1537 1043 1577 ingenii,
1068 1547 1136 1567 non
1153 1537 1354 1579 deplorandae

791 1582 1035 1623 miserrimaeque
1074 1583 1230 1614 facilitatis
1272 1585 1354 1616 indi-

791 1628 877 1658 cium
900 1635 990 1660 esset.
1019 1646 1067 1652 —
1093 1631 1190 1660 Stans
1207 1632 1292 1671 pede
1321 1632 1354 1663 in

790 1684 853 1703 uno
865 1684 875 1703 :
887 1675 1072 1705 brevissimo
1086 1682 1244 1716 tempore;
1261 1687 1355 1710 nemo

789 1720 875 1750 enim
887 1731 953 1751 uno
969 1721 1048 1761 pede
1059 1721 1156 1753 inniti
1168 1722 1288 1754 diutius
1302 1735 1344 1766 po

791 1773 861 1798 test.
873 1784 921 1790 -
951 1767 1158 1811 Cc'unflueret
1172 1769 1351 1808 luculentus,

791 1820 863 1843 erat
891 1814 981 1855 quod
997 1814 1108 1845 tollere
1133 1814 1235 1855 ‘velles
1259 1826 1272 1845 .·
1297 1818 1357 1848 ista

791 1859 904 1889 infelix
927 1860 1087 1891 scribendi
1113 1860 1262 1902 rapiditas
1289 1869 1355 1894 tor-

793 1907 891 1936 rentis
917 1906 1088 1946 cujuslibet
1111 1906 1270 1948 tepiditati
1292 1909 1354 1940 ele-

793 1952 972 1992 gantissime
980 1959 1189 1994 eomparatur,
1198 1954 1255 1994 qui
1267 1955 1357 1986 vehe-

790 1999 891 2028 menti
905 1999 1062 2029 nndarum
1075 1998 1230 2037 decursu,
1243 1999 1355 2031 limum

792 2050 824 2074 et
846 2051 945 2075 terras
966 2045 1126 2086 utrimque
1147 2045 1284 2084 jacentes
1309 2057 1356 2078 se-

791 2100 864 2120 cum
893 2090 1027 2132 abripit,
1072 2088 1150 2130 duan
1189 2092 1206 2122 ὸ
1243 2093 1354 2124 contra

788 2136 928 2167 fontium
952 2136 1213 2178 placidorumque
1236 2139 1355 2170 rivulo-

789 2193 862 2214 rum
879 2193 969 2225 aquae
982 2182 1147 2225 pellucidae
1159 2191 1245 2216 sunt.
1262 2186 1351 2216 Fate-
