1404 2522
151 96 196 139 αῖ
539 105 581 146 Q.
604 102 791 136 Honu'n
813 105 964 139 mccx

261 177 277 193 υ
297 161 480 207 Luctere,
500 162 618 198 multa
636 171 794 211 proruet
814 163 1005 214 integrum

314 236 328 252 »
349 223 445 257 Cum
460 220 572 257 laude
586 220 786 270 victorem,
802 231 983 272 geretque

366 296 381 311 »
401 279 531 316 Praelia
548 279 773 330 conjugibus
792 281 992 331 loquenda.

260 356 276 371 »
295 339 515 390 Carthagini
528 341 608 390 jam
620 331 783 391 non‘ego
801 342 954 380 nuntios
1304 354 1336 379 σε

259 417 273 433 »
290 401 439 438 Mittam
453 400 638 450 superbos
656 399 695 436 ¹5.
717 402 866 439 Occidit
878 429 892 447 ,
914 403 1052 442 occidit

314 478 329 494 »
346 464 439 511 Spes
455 461 592 506 omnis,
610 470 647 498 et
664 462 815 499 fortuna
828 463 947 501 nostri

362 539 376 554 »
397 521 581 567 Nominis,
596 521 836 559 Hasdrubale
855 522 1128 575 interempto.»

257 580 319 618 Nil
333 580 499 618 Claudiae
517 592 594 617 non
607 581 769 619 efficient
787 595 920 619 manus
941 582 988 629 ¹⁶,

259 641 362 686 Quas
381 648 418 677 et
436 639 602 689 benigno
618 641 771 678 numine
791 645 813 679 J
818 643 969 693 uppiter
1304 662 1336 686 70

309 699 503 745 Defendit,
523 708 561 736 et
580 713 681 737 curae
699 713 848 750 sagaces

360 759 577 809 Expediunt
596 773 666 810 per
684 770 794 798 acuta
809 760 911 799 belli.

151 911 301 945 Luctere‚
354 906 457 939 11ιαὶτᾶ
477 917 612 949 proruet
639 910 721 940 inte-

148 965 242 998 grum
278 954 355 985 Cum
384 955 480 985 laude
516 955 672 986 victorem
709 965 721 985 .·

150 1000 236 1043 finge
258 1011 315 1042 par
334 1001 542 1042 gladiatorum
554 1024 563 1039 ‚
582 1012 720 1042 quorum

151 1048 230 1078 alter
252 1047 317 1086 jam
344 1047 438 1088 poene
464 1049 565 1077 victus
587 1048 720 1079 alterum

148 1093 212 1133 jam
239 1094 334 1136 poene
359 1095 511 1124 victorem
535 1101 567 1123 et
589 1094 721 1136 integris

149 1138 252 1171 adhuc
267 1140 389 1170 viribus
403 1140 590 1182 pollentem,
607 1140 718 1182 magna

150 1197 224 1217 cum
241 1186 354 1223 laude,
375 1186 518 1228 proruit,
543 1185 576 1216 b,
599 1198 626 1218 e.
643 1198 719 1228 pro-

149 1234 274 1264 sternit.
305 1250 353 1256 —
390 1233 511 1263 Praelia
537 1233 719 1275 conjugibus

151 1278 313 1321 loquenda
335 1290 347 1309 .·
369 1279 420 1310 vel
439 1279 651 1320 deploranda,
674 1280 717 1309 ob

102 1336 106 1341 ’
151 1326 280 1356 amissos
298 1327 401 1362 viros,
428 1326 480 1356 vel
499 1325 697 1366 praedicanda
709 1349 718 1364 ‚

151 1372 194 1403 oh
210 1371 341 1402 eosdem
378 1373 515 1403 victores
550 1377 582 1401 et
615 1382 718 1403 serva-

152 1423 212 1449 tos.

202 1464 255 1494 15.
271 1462 459 1505 Carthagini
475 1463 544 1503 sam
573 1474 636 1494 non
660 1476 720 1506 ego

153 1509 281 1540 nuncios
294 1509 424 1540 Mittam
436 1510 583 1551 superbos
596 1521 607 1540 :
630 1511 721 1541 victis

151 1556 191 1586 ad
201 1558 323 1588 Cannas
333 1557 495 1593 Romanis,
506 1557 589 1586 misit
598 1557 721 1587 inAfri-

152 1613 221 1632 cam
231 1602 401 1639 Hannibal,
414 1603 480 1642 qui,
490 1602 581 1633 lauro
590 1613 721 1633 corona-

151 1650 192 1684 ti,
202 1648 315 1678 urbem
330 1649 463 1688 ingressi
472 1655 557 1683 sunt,
569 1656 599 1678 et
608 1649 719 1689 plenos

151 1695 345 1726 annulorum
371 1695 457 1724 caesis
472 1695 633 1735 equitibus
653 1698 718 1726 Ro-

151 1741 253 1771 manis
273 1740 488 1770 detractorum
515 1740 640 1771 modios
649 1763 657 1778 ,
684 1742 719 1771 in

151 1786 254 1817 media
274 1786 361 1816 curia
377 1786 570 1818 effuderunt.
592 1804 639 1810 —·
657 1787 718 1817 Oc-

150 1833 245 1869 cidit,
265 1831 414 1863 occidit:
435 1833 528 1873 plena
549 1833 668 1864 doloris
689 1840 720 1863 et

151 1879 339 1909 vividissimi
381 1878 513 1909 affectus
561 1880 718 1920 repetitio.

151 1942 197 1948 —
206 1926 347 1956 Fortuna
357 1924 456 1954 nostri
464 1925 624 1962 Nominis,
637 1927 722 1956 Has-

152 1971 285 2001 drubale
297 1970 485 2012 interempto
495 1982 506 2001 .·
523 1971 629 2002 audita
642 1974 721 2002 Has-

151 2017 293 2047 drubaiis
306 2017 413 2053 clade,
431 2019 640 2059 inspectoque
661 2018 722 2048 fra-

153 2065 208 2094 tris
222 2064 340 2105 capite,
353 2063 418 2095 vid.
433 2063 527 2105 supra
538 2086 547 2102 ,
569 2071 677 2095 notam
689 2075 719 2103 7,

775 911 936 942 Hannibal
965 912 1153 943 exclamavit
1175 921 1183 944 τ
1214 915 1340 956 Agnos-

774 968 811 986 co
838 957 1001 994 sbrtunam
1035 958 1250 1000 Carthaginis.
1269 962 1337 993 Liv.

773 1005 917 1042 XXVII,
939 1005 1001 1042 51,
1015 1012 1047 1035 et
1059 1005 1143 1036 Flor.
1160 1006 1211 1043 ΙΙ,
1224 1006 1262 1045 6,
1282 1007 1337 1039 53.

823 1049 874 1080 16.
905 1050 964 1081 N1l
996 1051 1141 1082 Claudtoe
1174 1062 1240 1082 non
1273 1053 1339 1097 effi·

772 1094 857 1126 cient
878 1107 1020 1127 manus.
1017 1097 1097 1127 ·hic
1121 1104 1246 1138 poetam
1273 1110 1340 1130 ora·-

774 1143 892 1172 tionem
925 1150 1082 1183 repetere,
1114 1150 1145 1173 et
1176 1145 1339 1176 terminari

771 1188 957 1218 Hannibalis
991 1199 1186 1228 sermonem,
1226 1191 1338 1222 contra

770 1234 986 1265 Mitscherlich
1024 1237 1225 1276 opinionem,
1265 1248 1339 1268 cum

770 1280 949 1318 Sanadone,
964 1283 1120 1320 Dacierio,
1135 1290 1166 1313 et
1188 1284 1339 1314 omuibus

772 1328 910 1367 antiquis
920 1328 1161 1368 interpretibus,
1176 1329 1265 1360 facile
1275 1340 1340 1360 cre-

773 1371 919 1404 diderim.
946 1374 1010 1413 Qui
1028 1373 1099 1404 fieri
1125 1374 1209 1406 eniin
1234 1383 1338 1417 posset

772 1425 810 1448 ut
845 1418 1013 1460 benignum
1049 1422 1158 1451 Iovem
1197 1421 1339 1455 laudaret

774 1465 953 1502 Hannibal,
967 1465 984 1495 a
997 1477 1062 1506 quo
1076 1478 1108 1497 se
1120 1467 1282 1499 devictum
1297 1469 1339 1499 fa-

774 1512 917 1541 teretur?
934 1529 981 1535 --
1003 1514 1049 1543 Et
1069 1524 1153 1544 curoe
1183 1515 1340 1556 sagaces:

774 1557 932 1587 industria
965 1568 1039 1588 cum
1071 1560 1207 1598 virtute,
1239 1562 1340 1592 virtus

771 1613 845 1632 cum
859 1605 960 1645 sagaci
973 1604 1141 1644 prudentia
1156 1607 1337 1646 conjuncta.

771 1665 817 1672 —-
843 1649 1032 1690 Expeditmt
1049 1662 1061 1681 .-
1083 1651 1122 1682 ab
1146 1653 1234 1683 omni
1255 1654 1339 1694 peri-

771 1694 845 1726 culo
860 1695 1006 1727 liberant.
1021 1714 1068 1720 -—-
1087 1699 1152 1728 Per
1167 1706 1263 1739 acuta
1276 1699 1338 1729 bel-

771 1741 797 1770 li
824 1753 917 1782 :per
949 1742 1031 1773 bella
1059 1754 1131 1784 quae
1158 1746 1194 1776 in
1222 1745 1339 1787 asperis

770 1789 928 1819 montium
947 1790 1082 1827 semitis,
1100 1791 1136 1820 in
1156 1791 1240 1833 jugis
1257 1802 1339 1833 prae—

772 1827 922 1876 cipitibus
940 1842 1103 1875 geruntur.
1124 1837 1162 1866 In
1180 1838 1341 1869 montanis

773 1881 857 1911 enim
871 1881 1145 1921 expeditionibus,
1160 1884 1260 1922 major
1274 1883 1339 1914 vul-

774 1927 815 1968 go
842 1927 1018 1967 prudentiae
1043 1934 1075 1958 et
1103 1930 1277 1970 sagacitati,
1308 1936 1339 1960 et

774 1979 1033 2014 opportunorum
1043 1974 1189 2004 locorum
1205 1975 1338 2014 notitiae‚

774 2018 869 2060 quam
884 2019 1065 2060 fortitudini
1083 2020 1233 2059 militari,
1257 2032 1340 2052 cam-

773 2076 834 2106 pus
848 2065 952 2097 datur.

532 2183 951 2212 ψ
