1422 2528
137 101 180 138 46
519 104 560 144 Q.
585 104 767 136 HORATH
792 105 943 138 FLACCI

242 165 339 210 Nec,
357 163 386 199 si
403 163 496 212 quid
513 165 601 201 olim
620 166 708 202 lusit
724 169 924 203 Anacreon
941 165 974 213 ³,
1218 209 1229 216 ,

241 222 390 259 Delevit
405 231 511 270 aetas;
529 225 647 274 spirat
667 224 790 262 adhuc
810 238 929 272 amor,
1291 243 1325 260 τυ

293 282 511 332 Vivuntque
531 285 719 320 commissi
738 285 883 322 calores

345 342 476 378 AEoliae
497 341 633 380 fidibus
650 344 794 393 puellae.

240 401 326 436 Non
343 401 423 437 sola
441 411 610 451 comptos
631 403 721 439 arsit
739 403 901 440 adulteri

243 459 373 495 Crines
392 459 425 504 4,
447 469 484 497 et
503 474 638 498 aurum
659 461 826 499 vestibus
845 463 983 500 illitum

293 518 450 564 Miram,
470 521 688 570 regalesque
707 522 830 560 cultus
1293 532 1323 556 ¹5

347 584 395 619 Et
413 581 567 620 comites
575 611 586 631 ,
604 584 745 622 Helene
764 584 941 630 Lacaena;

135 783 255 822 inerat,
275 794 411 824 quorum
434 784 606 826 fragmenta
629 793 697 816 tan-

136 829 204 859 tum
215 837 349 860 exstant.
359 831 557 861 Stesichorus
567 833 699 872 patriam

136 875 250 906 habuit
261 877 433 914 Himeram,
457 878 571 908 Siciliae
590 880 698 908 civita-

137 927 311 960 tem3anno
330 923 394 953 556
411 923 481 953 ante
491 924 564 955 Chr.
576 924 698 956 floruit.

185 969 215 999 3.
246 967 282 998 Si
301 968 381 1008 quid
406 967 482 999 olim
514 969 589 1000 lusit
609 972 703 1000 Ana-

135 1024 230 1044 creon
250 1025 261 1043 :
280 1015 503 1045 celeberrimus
518 1016 602 1046 inter
615 1017 703 1047 Grae-

137 1071 192 1091 cos
221 1062 359 1102 lyricos,
375 1072 470 1102 quem
496 1061 603 1092 ludere
625 1063 703 1093 dicit

135 1107 271 1144 Noster,
296 1113 327 1137 et
353 1107 387 1137 id
413 1107 543 1148 quidem
566 1110 704 1149 exquisi-

136 1153 274 1191 tissime,
295 1151 368 1183 eum
389 1163 456 1183 non
474 1153 642 1194 dignitate,
666 1161 703 1184 ut

135 1199 383 1240 praecedentium
394 1221 403 1236 ,
419 1199 474 1230 sed
493 1199 642 1231 amatoria
658 1201 702 1230 le-

137 1245 232 1276 vitate
246 1252 278 1275 et
291 1246 447 1277 hilaritate
466 1246 616 1276 bacchica
634 1247 703 1285 ejus

137 1293 275 1322 earmina
318 1291 592 1323 commendentur.
626 1293 703 1331 Ejus

137 1339 269 1379 patria,.
287 1339 387 1375 Teos,
413 1339 568 1368 maritima
603 1339 703 1368 Ioniae

137 1385 264 1421 civitas,
279 1395 374 1425 qnam
398 1390 503 1413 tamen
522 1385 606 1413 inter
618 1385 704 1414 insu-

137 1430 182 1460 las
207 1436 395 1461 annumerat
414 1429 552 1466 Plinius,
566 1431 613 1459 VI
623 1451 632 1466 ‚
648 1430 665 1459 3
675 1439 703 1460 1.

137 1495 184 1500 —
199 1475 308 1516 Spirae
321 1475 426 1506 adhoc
437 1485 550 1505 amor:
563 1475 651 1515 quod
665 1474 704 1505 de

138 1523 294 1552 universis
316 1520 460 1562 Sapphus
489 1521 703 1560 carminibus,

141 1571 267 1599 vivente
293 1569 446 1604 Horatio,
477 1577 590 1597 verum
622 1574 705 1605 erat,

139 1616 255 1646 nostris
270 1614 363 1645 etiam
379 1613 587 1654 temporibus,
599 1613 709 1643 saltem

141 1673 181 1692 ex
207 1669 311 1702 parte,
330 1663 556 1691 inconcussum
589 1667 708 1690 manet.

141 1708 294 1749 Quamvis
306 1707 390 1737 enim
405 1707 540 1735 maxima
554 1715 624 1746 pars
636 1708 708 1736 1Εο-

140 1754 191 1784 liae
205 1754 318 1794 puellae
337 1753 511 1782 carminum
523 1774 531 1789 ‚
551 1752 648 1781 aetatis
661 1752 710 1782 in-

141 1799 241 1839 juriaei,
262 1800 455 1834 exciderint,
482 1804 652 1838 supersunt
668 1805 711 1828 ta·

143 1857 216 1876 men
230 1847 336 1887 plura,
347 1846 432 1876 unde
445 1845 523 1874 fama
533 1844 710 1874 infelicium

143 1893 211 1932 ejus
230 1903 372 1923 amorum
397 1893 518 1932 vigeat3
533 1891 648 1920 vivunt
662 1891 709 1931 ig-

144 1949 200 1970 nes
213 1939 262 1969 illi
278 1949 359 1979 qnos
362 1938 484 1981 fidibus
496 1936 559 1966 suis
579 1936 710 1966 commi-

144 1985 220 2015 sisse
241 1985 378 2022 videtur,
397 1984 487 2024 quasi
502 1983 583 2012 hanc
600 1993 710 2013 curam

146 2032 226 2073 lyrae
247 2041 312 2061 suae
334 2030 515 2060 credidisset
533 2036 570 2059 ut
584 2029 646 2058 sihi
659 2040 712 2059 su-

146 2084 265 2118 perstes
276 2100 284 2115 ‚
299 2088 356 2119 per
374 2087 469 2107 sonos
494 2075 565 2105 illos
588 2075 710 2105 seculo-

147 2133 219 2154 rum
244 2125 399 2160 victores,
434 2123 552 2163 quique
581 2121 711 2151 auribus

146 2170 262 2200 nostris
296 2167 469 2202 etiamnum
501 2167 710 2208 obstrepunt,

752 797 840 818 snam
855 787 1055 829 Phaonisque
1076 786 1093 817 a
1111 797 1144 817 se
1163 784 1320 817 incassum

753 833 886 864 adamati
894 831 1088 870 memoriam,
1099 834 1233 874 posteris
1239 843 1325 863 com-

753 880 926 910 mendaret.
936 880 1021 910 Vide
1035 880 1124 920 plura
1135 879 1174 909 de
1183 879 1321 920 Sappho,

753 926 850 967 supra
862 949 870 963 ‚
886 925 948 958 Od.
962 927 993 956 11
1005 949 1016 963 ,
1039 927 1076 956 13
1089 948 1098 963 ,
1115 931 1174 962 24.

804 978 834 1008 4.
851 973 926 1002 Νοη
941 972 1011 1002 sola
1025 978 1166 1011 comptos
1177 971 1254 1002 arsit
1265 972 1323 1002 ad-

756 1017 851 1048 ulceri
871 1018 980 1048 Crines
996 1029 1007 1049 .·
1029 1017 1068 1048 de
1086 1017 1214 1055 Paride,
1230 1028 1327 1059 prop-

756 1069 804 1093 ter
830 1064 998 1104 pulchram
1029 1065 1186 1094 caesariem
1214 1074 1324 1104 super-

755 1109 879 1147 hieme,
902 1110 967 1140 vid.
994 1109 1089 1151 supra
1121 1108 1242 1148 od.-1,
1263 1110 1324 1148 15,

756 1161 787 1185 et
805 1161 904 1185 notas.
919 1157 967 1186 De
983 1157 1050 1194 ejus
1067 1161 1222 1195 apparatu
1240 1166 1325 1196 mag-

755 1199 854 1231 nilico
863 1223 872 1239 ,
887 1212 945 1242 per
960 1211 1055 1241 quem
1066 1201 1203 1231 Helenes
1214 1202 1324 1232 oculos

755 1247 917 1287 praecipue
929 1247 1115 1287 perstrinxit
1125 1269 1134 1285 ,
1148 1247 1216 1288 lege
1226 1247 1326 1279 Ovid.

754 1291 887 1323 Heroid.
902 1294 1002 1330 xm,
1020 1293 1136 1332 57-70.
1150 1292 1325 1324 Dubitatur

755 1339 840 1368 inter
849 1345 1063 1376 annotatores‚
1070 1337 1180 1369 utrum
1189 1338 1325 1369 verbnm

755 1382 838 1414 iuud
861 1384 940 1414 arsit
962 1394 1057 1415 sensu
1079 1384 1225 1415 absoluto
1248 1386 1326 1416 acci-

755 1429 911 1471 piendum
946 1431 985 1460 sit
1006 1451 1016 1467 ,
1051 1429 1093 1460 an
1130 1432 1323 1470 accusativi,

756 1483 898 1516 comptos
910 1476 1031 1513 crines,
1049 1486 1180 1513 aurum,
1199 1476 1302 1508 cultus
1313 1500 1324 1514 ,

759 1521 887 1552 comites
912 1523 951 1552 ab
978 1533 1016 1552 eo
1037 1529 1200 1564 regantur,
1228 1530 1265 1553 nt
1290 1524 1326 1555 in

759 1568 816 1599 illo
831 1569 924 1609 Virg.
951 1569 1018 1599 Ecl.
1044 1569 1095 1606 11,
1115 1579 1128 1598 1
1145 1578 1155 1599 ι
1179 1568 1326 1608 Corydon

762 1613 896 1644 ardebat
907 1614 1051 1646 Alexim.
1070 1615 1109 1644 In
1130 1613 1251 1653 dubio,
1265 1626 1326 1656 pro

761 1661 830 1701 lege
848 1667 902 1690 aut
924 1660 1032 1702 regula
1060 1660 1197 1701 generali
1218 1667 1327 1691 tenen-

762 1706 839 1737 dum
863 1717 929 1736 esse
959 1707 1165 1743 arbitramur3
1193 1713 1226 1737 et
1251 1717 1326 1737 cum

761 1754 796 1783 in
817 1752 927 1782 eadem
944 1753 1096 1794 periodo,
1109 1751 1246 1797 yerbum
1270 1752 1326 1783 mi-

762 1807 835 1830 rata
862 1799 1000 1840 legitime
1025 1798 1115 1829 verbi
1135 1799 1231 1828 activi
1255 1809 1326 1829 mu-

762 1856 838 1876 nere
857 1845 946 1887 fungi
971 1846 1089 1886 possit,
1103 1843 1260 1875 credimus
1282 1845 1326 1875 sic

762 1892 900 1933 phrasim
933 1890 1179 1921 construendam
1220 1901 1287 1920 esse
1316 1901 1324 1922 :

762 1940 837 1969 Non
850 1937 919 1967 sola
931 1937 1054 1967 Helene
1063 1936 1179 1967 mirata
1187 1943 1327 1976 comptos

762 1983 881 2020 crines,
899 1993 1011 2013 aurum
1019 2005 1031 2020 ,
1047 1989 1107 2013 ecc.
1122 1981 1201 2012 arsit
1218 1991 1227 2014 :
1243 1982 1274 2014 h.
1295 1994 1324 2014 e.

763 2030 907 2061 adultero
936 2039 1039 2060 amore
1061 2027 1252 2059 inflammata
1267 2035 1324 2061 est.

762 2093 805 2099 —
821 2076 944 2106 Helene
967 2076 1109 2106 Lacaena
1129 2085 1141 2104 :
1164 2084 1230 2104 vox
1251 2075 1323 2112 illa,

763 2124 924 2159 Lacaena,
943 2131 1011 2152 non
1030 2121 1102 2163 vagi
1124 2128 1156 2151 et
1177 2121 1326 2162 simpliei-

763 2174 812 2199 ter
830 2169 947 2210 poetici
965 2167 1097 2209 epitheti
1117 2167 1224 2198 locum
1244 2167 1326 2198 obti-
