1404 2522
532 122 631 157 m.
655 123 704 154 Ν
729 120 824 154 omi
848 120 894 151 11.
1018 123 1020 125 ·
1321 131 1342 161 9

218 183 324 223 Dicit
335 212 346 232 ‚
371 191 412 222 et
429 190 586 221 eentum
604 180 758 233 potiore
773 177 894 230 siguis

440 247 606 290 Munere
626 243 763 290 donat3
1310 257 1342 274 ιο

226 314 366 354 Flebili
384 326 536 367 sponsae
551 314 787 366 juvenemve
804 318 962 362 raptum

225 375 371 424 Plorat,
388 384 427 414 et
440 375 542 413 vires
562 374 813 424 animumque
829 383 1034 421 moresque

225 439 375 475 Aureos
393 435 408 458 ⁶
425 435 558 474 educit
575 435 616 472 in
636 443 762 482 astra,
782 434 975 485 nigroque

434 495 588 534 Invidet
605 497 728 533 Orco.

223 556 558 596 Multa‘Dircaeum
575 556 678 594 levat
697 567 794 593 aura
812 565 978 605 cycnum
998 560 1034 599 ⁷,
1306 562 1340 587 25

221 617 384 666 Tendit,
404 617 568 664 Antoni,
591 616 745 668 quoties
761 615 803 653 in
822 615 919 653 altos

220 677 394 717 Nubium
415 687 584 725 tractus;
605 691 678 729 ego
698 677 783 728 apis
803 675 962 714 Matinae

436 743 550 778 More
569 739 767 791 modoque

223 806 344 842 Grata
363 803 557 854 carpentis
575 801 707 853 thyma
724 813 796 852 per
815 799 990 838 laborem

221 863 433 902 Plurimum
453 863 487 912 ³,
501 864 604 903 circa
622 875 757 902 nemus
771 861 957 912 uvidique
1306 870 1338 893 32

112 1069 147 1090 ve
175 1070 186 1088 :
211 1061 378 1091 communi
410 1071 496 1091 emm
524 1061 694 1103 praeconio

114 1105 272 1138 Pindarus
293 1107 446 1138 athletam
476 1108 636 1139 victorem
663 1115 695 1138 et

110 1163 232 1195 equum
248 1155 394 1186 victoriae
409 1155 562 1186 comitem
581 1162 613 1186 et
632 1156 693 1185 mi-

110 1201 250 1232 nistrum
262 1202 480 1234 concelebrat.
497 1220 546 1226 --
563 1204 610 1233 Ec
622 1213 695 1233 cen-

111 1253 179 1278 tum
200 1247 333 1290 potiore
353 1249 456 1292 signis
478 1251 615 1281 BIunere
637 1250 694 1280 do-

112 1302 172 1327 nae
186 1306 198 1325 .·
211 1302 244 1327 et
260 1297 298 1328 in
315 1306 430 1328 eorum
443 1297 605 1328 honorem
622 1307 691 1328 mo-

111 1350 307 1375 numentum
313 1345 408 1387 erigit
419 1344 617 1375 duraturuu!
627 1355 691 1375 ma-

111 1389 178 1433 gk,
201 1389 300 1433 quim
322 1398 454 1423 centum
481 1399 620 1430 statuas,
639 1392 692 1422 vel

112 1434 234 1478 meaa,
260 1439 313 1470 vel
346 1449 553 1471 marmoreas.
581 1439 633 1471 Sic
652 1438 691 1470 de

111 1482 216 1528 scip«)
228 1485 368 1528 loquens
378 1509 388 1525 ,
405 1485 503 1528 supra
514 1508 523 1524 ‚
537 1486 602 1518 od.
620 1488 669 1518 111
679 1510 688 1524 ,

114 1528 182 1570 3'0,
194 1542 224 1571 1,
240 1532 354 1576 Exegi
367 1541 611 1565 monumentum
627 1544 693 1565 oere

109 1587 296 1621 perennius.

298 1621 319 1631 Ι

160 1646 194 1678 6,
214 1646 305 1678 Vires
326 1649 551 1692 animumque,
574 1659 691 1680 mores—

112 1703 175 1735 que
198 1694 325 1726 Ant-eos
351 1707 363 1726 :
390 1707 543 1739 sponsam
567 1697 690 1728 solatur

111 1739 153 1771 de
176 1748 281 1772 morte
307 1743 438 1782 juvenis
461 1744 568 1775 mariti
593 1755 690 1785 quem

109 1789 256 1830 eorporis
269 1797 301 1820 et
315 1791 414 1822 animi
428 1791 520 1823 dotes
532 1801 693 1822 commen-

109 1834 249 1875 dabant,
274 1847 343 1869 non
365 1837 474 1870 minus
499 1837 598 1880 quam
622 1850 690 1870 mo-

109 1891 174 1922 res,
188 1882 252 1914 hoc
267 1891 315 1916 est
329 1887 474 1926 probitas
484 1910 493 1925 ,
508 1887 614 1917 virtus
635 1897 688 1917 au—

109 1940 165 1962 reo
178 1930 275 1974 digna
287 1932 410 1966 seculo.
427 1952 474 1958 --
485 1932 613 1964 Invidet
632 1935 690 1965 Or-

109 1987 147 2008 eo
172 1989 184 2008 :
216 1978 377 2011 oblivioni
411 1988 541 2013 aeteruae
570 1982 688 2023 eripit,

109 2023 174 2067 qna
196 2025 314 2069 vulgus
335 2036 542 2061 mortuorum
557 2027 688 2060 damna-

111 2078 177 2103 tur.

159 2149 191 2179 7.
203 2141 310 2172 Multa
324 2142 489 2174 Dircoeum
506 2144 595 2175 levat
606 2155 690 2176 aura

110 2196 246 2226 cycnum
263 2199 275 2219 :
287 2189 384 2221 Dirce
398 2190 469 2222 fons
485 2191 546 2222 fuit
557 2193 592 2222 in
599 2194 690 2224 Boeo-

110 2232 152 2264 tia
163 2257 172 2273 ‚
198 2243 271 2267 non
288 2238 407 2278 procul
427 2237 445 2269 ὲ
464 2238 601 2279 Thebis,
617 2251 690 2283 quae

749 1058 882 1092 Pindari
899 1058 1012 1099 patria.
1038 1059 1153 1089 Poetas
1171 1056 1248 1088 vero
1261 1067 1334 1100 eyc-

749 1117 810 1137 nos
832 1105 1016 1146 nuncupari
1035 1111 1151 1136 notum
1163 1111 1211 1135 est
1221 1128 1229 1143 ,
1243 1104 1334 1146 quud

749 1154 814 1184 illae
835 1152 984 1183 volucres
998 1162 1096 1183 sacrae
1109 1159 1214 1183 essent
1229 1152 1332 1194 Apol-

748 1201 809 1231 lini
820 1223 830 1238 ,
843 1207 876 1231 et
896 1199 1083 1230 suavissime
1100 1209 1216 1230 canere
1231 1200 1332 1239 jacta-

749 1254 872 1278 rentur.
897 1247 1029 1278 Dicitur
1049 1246 1159 1278 autem
1179 1247 1219 1278 ab
1237 1249 1336 1279 Hora-

746 1296 792 1326 tio
811 1293 969 1326 Pindarus
984 1293 1087 1335 multa
1105 1293 1235 1326 sursum
1255 1306 1334 1338 pro-

746 1342 825 1384 pelli
851 1352 976 1383 semper
995 1338 1091 1382 aura,
1115 1342 1206 1384 quod
1227 1345 1334 1386 reipsa

746 1389 904 1421 Pindarus
937 1387 1109 1431 nunquam
1145 1397 1237 1431 repat
1266 1390 1332 1422 hu-

747 1438 809 1475 mi,
833 1442 890 1467 aut
905 1436 1008 1468 veluti
1020 1437 1170 1479 fatigatus
1185 1437 1330 1476 decidat,

747 1483 782 1515 id
806 1483 897 1526 quod
920 1485 1051 1525 optimis
1074 1483 1242 1516 interdum
1258 1487 1333 1527 poe-

750 1532 790 1562 tis
815 1532 980 1562 usuvenit.
1010 1533 1157 1563 Juvxnc.
1188 1549 1236 1556 —-
1258 1534 1333 1576 Ego

750 1578 824 1621 apis
853 1578 989 1610 Macinae
1012 1590 1024 1609 .·
1051 1577 1151 1621 quam
1171 1581 1332 1622 egregiam

750 1625 915 1658 modestiae
958 1626 1191 1668 professionem
1234 1629 1334 1668 jactat

745 1674 915 1712 Horatius,
936 1672 1016 1704 dum
1032 1673 1210 1706 Pindarum
1225 1685 1332 1718 cycno

746 1721 780 1752 in
812 1721 944 1752 nubium
972 1729 1112 1759 tractus,
1144 1723 1251 1753 ventis
1283 1722 1330 1752 fa-

748 1769 918 1806 ventibus,
952 1769 1155 1806 evolantem,
1189 1780 1223 1800 se
1250 1770 1328 1800 vero

747 1818 799 1858 api
822 1816 1006 1847 volucrium
1027 1816 1218 1847 humillimae
1236 1827 1328 1848 com-

743 1864 850 1905 parat!
869 1865 918 1894 De
937 1865 1064 1895 Matino
1081 1871 1205 1902 monte,
1217 1866 1329 1896 Venu—

742 1912 817 1949 siae,
837 1911 965 1942 Horatii
985 1912 1098 1953 patriae
1124 1911 1254 1950 vicino,
1278 1912 1327 1942 vi-

742 1957 783 1989 de
809 1965 921 1989 uotam
947 1959 983 1990 in
1010 1970 1092 1990 vers.
1118 1959 1137 1990 3
1161 1958 1239 1990 odes
1263 1959 1328 1997 28,

742 2005 800 2037 lib.
816 2007 843 2038 Ι.

793 2053 825 2085 8.
855 2054 922 2083 Per
942 2053 1088 2084 laborem
1106 2052 1285 2095 plurimum
1315 2064 1327 2083 .·

744 2111 876 2143 oppone
903 2100 960 2131 has
989 2111 1085 2132 voces
1112 2100 1222 2132 verbis
1255 2111 1328 2142 quae

743 2147 842 2190 supra
857 2148 1035 2190 leguntur:
1052 2147 1160 2179 Multa
1178 2159 1262 2178 aura
1283 2148 1327 2178 le-

744 2203 820 2232 vat;
834 2206 902 2227 sese
917 2195 1099 2227 aemulando
1112 2195 1254 2226 Pindaro
1269 2196 1328 2225 im-

742 2252 852 2284 parem
874 2243 973 2286 magis
992 2253 1029 2274 ac
1054 2242 1154 2285 magis
1173 2241 1325 2275 declarat.
