1422 2528
157 140 220 170 258
573 139 612 178 Q.
639 138 823 175 nolimu
847 139 999 174 rzAcm
1133 176 1136 180 ,

155 197 217 233 Nil
235 196 513 247 respondebam
531 195 545 216 ⁶
564 210 572 232 ε
589 214 605 229 ‹·.
623 196 766 234 Misere
782 199 890 248 cupis
902 227 912 246 ‚
931 200 1073 250 inquit,
1093 198 1230 248 albine,⁵

155 255 410 293 »Jamdudnm
429 256 553 294 video.
570 256 644 294 Sed
663 255 714 292 nil
732 258 828 307 agis3
850 261 969 308 usque
990 259 1149 307 tenebo,
1312 268 1342 292 ¹⁵

159 333 174 350 υ
186 319 406 365 Persequar.
422 313 518 352 Hinc
527 313 604 365 quo
615 317 714 352 nune
724 316 797 353 iter
806 325 862 354 est
870 316 939 355 tibi
947 320 1052 354 ?u—-«
1059 319 1122 357 Nil
1130 331 1227 370 opus
1237 327 1294 357 est
1306 327 1341 356 te

159 393 173 407 υ
186 376 420 425 Circumagi3
439 375 642 425 quemdam
662 377 748 414 volo
770 377 909 425 visere,
926 391 1004 417 non
1024 379 1095 418 tibi
1108 389 1262 426 notum3

159 454 173 469 »κ
183 439 302 474 Trans
313 435 484 473 Tiberim
497 437 607 486 longe
620 435 735 474 c'ubat
745 438 776 474 is
785 467 794 485 ,
811 439 932 489 prope
941 440 1099 480 Caesaris
1109 440 1254 478 hortos.
1267 457 1342 474 »—

158 513 172 529 «
186 496 247 533 Nil
256 495 379 533 habeo
390 496 493 546 quod
504 508 624 546 agam,
634 506 671 534 et
681 509 756 534 non
767 511 850 535 sum
861 500 981 549 piger3
993 501 1111 551 usque
1120 509 1313 550 sequane.
1325 517 1339 534 »

117 586 120 591 .
158 557 326 594 Demitto
346 557 534 593 auriculas
550 565 577 603 7,
597 565 638 593 ut
654 557 793 607 iniquae
813 560 947 597 mentis
967 561 1122 605 asellus,
1310 579 1341 595 2⁰

158 619 254 654 cum
273 618 430 666 gravius
444 616 558 654 dorso
571 616 688 654 subiit
706 631 813 656 onus.
835 620 973 670 Incipit
988 621 1049 658 ille
1068 635 1076 656 :

162 696 175 709 κ
192 677 232 714 Si
244 676 340 713 bene
358 690 416 713 me
435 677 527 714 novi
543 675 571 724 ⁸,
588 691 664 714 non
680 678 835 716 Viscum
851 678 968 729 pluris
987 681 1149 719 amicum
1162 711 1171 728 ‚

159 738 275 774 »Non
291 737 445 773 Varium
469 738 593 775 facies.
613 740 708 775 Nam
727 739 811 788 quis
831 752 890 776 me
910 741 1076 778 scribere
1098 743 1224 791 plures

155 958 194 987 de
223 956 351 986 minime
388 956 491 993 malis,
531 959 639 987 vexari
666 959 723 988 do·
766 958 811 1002 fit
825 959 985 999 pacientia‘
1011 962 1175 1003 Quidquid
1185 964 1343 1006 corrigere

154 1005 237 1040 lent;
254 1001 340 1032 unde
352 1002 499 1042 gallicum
513 1004 724 1043 proverbium

157 1051 189 1080 Il
203 1047 358 1090 faudrait
388 1048 479 1079 avoir
511 1050 545 1079 la
571 1050 726 1089 patience

153 1097 231 1127 d'un
246 1094 342 1126 saint.
357 1096 475 1132 Porro,
494 1095 612 1126 cerebri
613 1095 702 1137 felix
713 1120 723 1133 ,

154 1154 210 1184 per
243 1141 480 1180 hellenismum,
515 1149 568 1179 ut,
603 1142 728 1185 integer

155 1189 245 1219 vitae.

206 1236 237 1265 6.
258 1236 298 1264 Uc
321 1234 371 1264 illi
390 1234 449 1264 Nil
469 1235 700 1275 respondebam
717 1248 728 1266 .·

160 1280 256 1312 simul
273 1291 309 1310 ac
327 1291 378 1310 me
395 1281 522 1311 nullum
537 1292 726 1323 responsum

159 1339 199 1359 ex
213 1326 371 1358 industria
386 1326 517 1358 reddere
535 1329 727 1359 animadver-

159 1377 208 1405 tit.
224 1392 270 1398 —-
283 1373 399 1403 Misere
414 1374 500 1414 cupis
513 1386 525 1404 :
539 1375 651 1405 eodem
663 1375 727 1406 fere

159 1431 272 1457 sensu,
290 1430 356 1460 quo
369 1420 486 1462 supr3313
502 1421 611 1459 auxie,
635 1421 727 1453 vehe-

160 1467 283 1498 menter
319 1467 422 1506 cupis.
457 1485 503 1490 --
534 1468 593 1498 Nil
618 1468 688 1510 agis
717 1481 728 1499 .-

160 1523 289 1555 operam
304 1519 335 1542 et
351 1513 459 1542 oleum
476 1514 592 1554 perdis.
608 1533 654 1537 —
669 1516 729 1546 Nil

160 1571 236 1600 opus
258 1567 306 1589 est
329 1566 359 1588 te
389 1559 573 1602 Ct'rcutnagae'
594 1571 604 1590 :
633 1562 728 1592 verba

161 1613 236 1636 sunt
252 1606 395 1642 Horatii3
416 1606 503 1643 noli,
524 1617 650 1647 quaeso,
679 1609 727 1638 in-

159 1652 271 1683 utilem
287 1661 395 1682 curam
409 1652 597 1693 impendere
620 1661 650 1684 et
666 1653 730 1684 buc

159 1698 236 1729 illuc
255 1698 371 1729 frustra
395 1699 644 1730 circumcursare
663 1711 728 1732 mc-

160 1756 244 1776 cum.
266 1763 312 1768 --
329 1745 432 1784 Prope*
450 1745 584 1776 Caesaris
598 1745 704 1776 hortos
717 1759 728 1777 :

161 1799 250 1822 erant
274 1792 322 1822 illi
347 1790 435 1820 horti
462 1791 543 1822 ulti-:⁸³
568 1792 727 1831 Tiberim,

160 1840 194 1868 in
225 1837 261 1868 εὲι
290 1836 387 1868 Urbis
415 1845 504 1878 parte
537 1849 608 1878 quae
634 1839 729 1870 hodie

165 1886 194 1914 T
191 1892 346 1914 rastevere
368 1891 588 1925 nuncupatur,
608 1886 730 1926 populo

161 1933 308 1961 Romano
321 1930 338 1960 ὲ
353 1930 442 1960 Julio
461 1931 580 1961 Caesare
597 1942 653 1972 per
672 1939 730 1962 tes-

162 1983 338 2007 tamentum
357 1975 477 2007 donati.
493 1995 539 2001 —
557 1978 616 2007 Nil
629 1977 730 2008 habeo

162 2023 250 2063 quod
263 2033 362 2063 agam
377 2033 388 2052 :
405 2023 487 2053 nihil
507 2023 644 2054 facetum
668 2036 729 2054 ma-

162 2070 209 2109 gis
227 2068 323 2110 quem
349 2075 445 2099 tenax
461 2069 516 2099 illa
536 2071 724 2111 pertinacia,

162 2117 214 2146 cui
231 2115 271 2145 ad
284 2115 391 2145 omnia
405 2115 522 2155 quibus
537 2118 621 2146 vinci
637 2117 729 2147 debe-

162 2169 223 2198 ret,
245 2169 353 2202 parata
369 2162 492 2202 semper
513 2170 558 2192 est
579 2170 610 2193 et
632 2163 727 2194 obvia

777 1013 824 1035 esc
834 1004 939 1047 nefas.

826 1063 856 1090 7.
876 1053 1016 1083 Demiceo
1027 1054 1188 1085 auriculas
1201 1066 1214 1085 .·
1225 1056 1343 1094 Jucun-

778 1098 904 1129 dissimzi
929 1100 1110 1141 metaphorzi
1135 1111 1202 1132 sese
1219 1111 1344 1143 compa-

779 1152 827 1175 rat
854 1146 971 1176 Noster
1002 1148 1105 1184 asino,
1145 1149 1202 1190 qui
1233 1147 1345 1188 iniqua*

780 1199 902 1229 mente,
929 1192 962 1222 id
979 1199 1044 1230 est,
1069 1193 1150 1235 aegre
1174 1203 1210 1224 ae
1233 1193 1344 1225 dolens

779 1239 933 1279 gravioris
948 1240 1079 1270 sarcinae
1099 1239 1226 1280 pondus
1252 1242 1347 1271 susti-

779 1294 854 1314 nere
881 1286 1017 1326 cogitur.
1047 1284 1212 1326 Quantum
1235 1287 1344 1317 reveri

779 1332 885 1360 oneris
894 1332 1008 1361 misero
1018 1333 1153 1363 Horatio
1163 1333 1344 1374 impendet!

782 1378 900 1413 Porro,
923 1385 1001 1408 teste
1016 1378 1137 1416 Plinio,
1155 1381 1218 1416 XI,
1238 1380 1293 1418 37,
1310 1381 1345 1410 in

782 1424 869 1453 omni
882 1425 1100 1462 jumentorum
1110 1435 1242 1466 genere,
1258 1426 1347 1456 fessis

781 1470 942 1508 marcidae,
960 1472 1049 1512 aegris
1071 1481 1162 1501 aures
1179 1471 1327 1502 resolutae
1339 1495 1347 1510 ,

781 1515 813 1546 h.
835 1527 862 1546 e.
881 1516 1022 1547 demissae
1042 1524 1129 1548 sunt.
1153 1518 1346 1559 Quanquam

780 1561 878 1602 igitur
900 1563 959 1594 soli
981 1563 1104 1594 homini
1123 1574 1214 1594 aures
1235 1565 1347 1595 immo-

781 1608 875 1645 biles,
909 1609 1032 1651 sumpts
1062 1610 1167 1640 tamen
1195 1609 1212 1640 ἐι
1243 1610 1346 1641 brutis

784 1655 1005 1694 translatione,
1037 1666 1087 1686 eas
1121 1657 1183 1701 ipgi
1216 1667 1346 1703 quoque

782 1701 926 1731 homines
956 1703 1090 1744 arrigere
1117 1710 1149 1732 et
1181 1701 1347 1734 demittere

782 1749 944 1779 dicuntur.
960 1748 1059 1790 Quod
1073 1748 1202 1789 quidem
1222 1749 1258 1779 in
1275 1759 1348 1780 nos-

782 1802 862 1824 tram
875 1794 1015 1835 linguam
1037 1796 1161 1825 transiit
1176 1804 1184 1826 τ
1199 1796 1231 1825 ΙΙ
1245 1795 1347 1826 baisse

782 1840 919 1871 l'oreille
930 1863 940 1877 ,
958 1841 984 1872 il
994 1852 1015 1871 a
1032 1841 1167 1872 l'oneille
1181 1841 1282 1873 basse.

830 1887 861 1918 8.
893 1886 928 1916 Si
952 1887 1032 1918 bene
1056 1898 1106 1918 me
1134 1887 1207 1918 novi
1229 1899 1240 1917 .·
1267 1888 1348 1928 quid

782 1934 843 1963 isto
864 1933 993 1964 homine
1011 1934 1218 1971 insolentius,
1242 1935 1348 1974 quise

782 1981 878 2010 Visco
905 1987 935 2009 et
954 1981 1068 2017 Vario,
1092 1979 1195 2021 poetis
1213 1979 1347 2018 hujusce

782 2027 881 2055 aetatis
892 2027 1070 2064 nobilibus,
1081 2036 1187 2067 parem
1197 2026 1347 2057 facitPDe

781 2073 878 2102 Vario
901 2079 932 2102 et
960 2073 998 2103 de
1025 2074 1121 2102 Visco
1145 2074 1180 2102 in
1201 2074 1348 2113 sequenti

781 2118 874 2148 satin-2⁴1
891 2129 974 2149 nova
987 2120 1106 2149 mentio
1122 2117 1187 2149 flet.
1206 2135 1252 2145 -—
1271 2119 1350 2159 Quis

781 2174 830 2194 me
865 2165 997 2195 scribere
1027 2165 1135 2205 plures
1165 2166 1233 2195 Aut
1258 2165 1349 2195 citiae'as

161 2209 336 2248 responsio.
376 2209 496 2238 Durum
510 2211 523 2238 .'
551 2209 610 2240 sed
631 2210 727 2241 levius
775 2210 876 2250 possit
888 2215 1022 2241 νενειις.)
1033 2212 1156 2252 egregia
1172 2212 1246 2242 sane
1262 2210 1345 2252 apud
