1422 2528
177 116 240 157 196
569 122 609 161 Q.
634 121 817 153 HonATu
840 121 991 153 FLAcm

171 171 361 210 mscincta
385 176 511 212 tunica
530 177 755 227 fugiendum
775 188 831 216 est
849 187 886 215 et
906 178 1002 228 pede
1016 178 1140 225 nudo,

170 234 227 268 Ne
243 233 386 270 nummi
402 243 576 283 pereant,
599 245 664 273 aut
681 250 779 285 pyga
791 265 802 283 ,
818 246 883 274 aut
899 236 1064 286 denique
1077 237 1189 276 fama.

167 293 361 342 Deprendi
381 294 559 330 miserum
578 304 653 342 est;
674 295 793 332 Fabio
812 297 872 334 vel
888 297 1019 346 judice
1032 297 1193 335 vincam.

168 447 386 479 venustissima}
399 450 622 481 distributione
638 462 731 483 suum
786 465 817 484 v.
840 460 882 491 44
893 477 902 492 ,
922 456 1016 485 Hanc
1026 456 1273 496 perminxerunt
1297 467 1351 487 ca-

165 496 280 535 euique
303 502 423 525 metum
449 497 643 535 attribuens,
675 509 730 528 an·
785 499 890 537 Iones,
916 501 1078 532 referenda
1110 509 1204 539 suut,
1247 513 1351 543 neque

138 552 143 562 ·
165 541 268 571 cillam
298 542 454 579 cruribus,
484 549 615 583 nuptam
642 543 728 580 doti,
784 544 879 575 alter&
908 547 1168 586 interpretatione
1194 547 1350 588 indigent.

165 587 344 617 adulterum
369 588 444 628 pelli
463 590 624 619 timentem
643 588 730 619 velht
782 608 828 614 —
848 591 945 622 Fabio
966 593 1023 623 vel
1048 592 1156 632 judice
1177 593 1312 624 vincam
1338 605 1350 624 .·

162 635 198 663 in
235 635 333 663 mimo
373 635 480 674 aliquo
517 636 588 665 ante
618 635 728 665 ocuios
781 637 835 666 hie
851 639 954 667 notari
968 638 1106 668 creditur
1124 639 1348 670 celeberrimus

163 680 271 720 ponit,
305 679 392 720 quod
427 680 487 710 illae
514 679 591 711 time
628 692 730 722 poenae
779 677 1042 722 juriscbnsuhus,
1059 685 1115 725 qui
1132 684 1296 723 adulterii,
1314 687 1350 715 in

163 727 197 756 in
222 737 282 756 usu
302 727 431 756 fuerint.
451 745 496 749 -—
520 728 588 757 Aac
609 738 697 768 styga
718 739 729 757 :
783 740 848 769 quo
876 729 1048 770 deprensus
1075 730 1191 769 fuerat,
1210 731 1351 773 gravissi-

161 771 228 802 haec
245 772 340 803 verba
354 772 394 803 ad
410 783 444 802 ea
460 783 530 813 quae
550 774 732 815 praecedunt
783 785 850 806 mas
866 775 995 806 dederat
1008 786 1127 818 poenas.
