1422 2528
564 99 644 133 uB.
666 100 699 130 'V
724 100 814 132 ODE
837 100 897 132 lx.

1281 107 1343 136 ¹17

233 163 291 215 Ut‘
306 161 433 213 nuper
452 169 467 184 ²
487 169 595 198 actus
614 163 704 197 cum
724 159 824 197 freto
837 158 1058 210 Neptunius

337 224 430 261 Dux
449 221 569 272 fugit,
582 220 679 259 ustis
691 219 878 268 navibus,

240 283 415 322 Minatus
431 282 535 323 Urbi
550 283 699 331 vincla,
717 295 803 334 quae
820 282 1044 320 detraxerat

341 345 472 384 Servis
489 344 634 383 amicus
647 344 819 396 perfidis.
1317 357 1347 372 10

238 407 434 444 Romanus
452 405 590 459 (eheul
609 405 757 458 posteri
770 403 980 456 negabitis)

343 468 621 520 Emancipatus
641 467 807 506 foeminae
820 495 830 514 ,

237 531 328 568 Fert
346 530 489 568 vallum
509 539 548 568 et
567 542 675 568 arma
695 529 804 567 miles
823 526 856 576 ³,
873 536 911 566 et
929 524 1169 579 spadonibus

341 590 499 630 Servire
515 590 666 642 rugosis
687 590 834 642 potest!

239 655 425 703 Interque
442 653 550 704 signa
572 662 687 704 turpe
704 651 888 691 militaria
1323 655 1352 681 1⁵

130 818 221 864 lyrd,
236 819 311 858 Hac
328 820 464 853 Dorium
474 844 486 860 ‚
501 820 567 852 illis
582 821 710 852 Barba-

130 880 200 901 rum
212 881 224 901 :
241 868 307 901 hoc
319 876 384 909 est,
399 869 473 912 lyra
489 876 626 900 sonante
641 871 710 900 Do·

131 917 220 949 rium
238 928 368 948 carmen
379 939 389 956 ,
405 916 497 951 tibiis
517 917 712 948 canentibus

131 964 230 997 modo
266 965 428 1004 Barbare,
461 964 530 995 sive
554 964 711 1007 Phrygio.

131 1012 274 1055 Phrygia
308 1012 415 1043 autem
425 1035 435 1051 ‚
464 1022 538 1054 pars
574 1013 713 1043 minoris

131 1061 236 1100 Asiae,
250 1060 402 1092 Barbaria
412 1059 592 1091 vocabatur
601 1058 619 1090 a
630 1060 718 1091 Grae-

131 1108 178 1139 cis
187 1130 197 1148 ,
211 1109 348 1150 proprio
357 1107 502 1149 quodam
515 1113 547 1137 et
560 1106 718 1148 peculiari

131 1157 276 1187 nomine.
305 1153 380 1187 Jam
407 1155 486 1186 vero
508 1154 626 1185 modus
650 1156 714 1185 Do-

131 1203 222 1243 rius,
246 1208 326 1234 teste
348 1203 491 1234 Luciano
513 1203 550 1232 iu
579 1203 717 1233 Harmo-

131 1249 226 1291 nide,
249 1250 357 1292 gravis
393 1257 462 1282 erat
498 1257 531 1280 et
564 1260 714 1287 severus,

132 1294 210 1330 ἰδιον
247 1299 303 1333 τῆς
333 1295 453 1342 Δωρίου
489 1294 643 1341 ἁρμονίας
679 1295 715 1328 τὸ

131 1344 254 1390 σεμνὸν,
264 1345 347 1387 lyrae
355 1343 457 1387 igitur
470 1345 617 1386 apprime
641 1355 717 1375 con-

131 1393 282 1431 veniens3
292 1392 411 1423 modus
421 1392 595 1434 Phrygius,
607 1389 717 1430 ἐνθεὸς,

131 1439 172 1472 ad
183 1444 294 1474 motus
308 1439 481 1471 bacchicos
490 1439 716 1480 idoneus3vid.

132 1486 230 1530 supra
247 1486 313 1519 Od.
330 1488 390 1525 IV,
411 1487 464 1525 15,
487 1487 541 1518 30.

181 1546 214 1567 2.
228 1536 271 1566 Ut
283 1533 405 1575 nuper:
419 1534 493 1565 ante
508 1544 611 1565 annos
622 1535 716 1575 quin-

132 1593 209 1624 que.
230 1582 281 1618 De
298 1583 390 1613 Sext.
409 1582 583 1623 Pompeio,
602 1582 716 1623 Magni

132 1628 223 1668 filio,
242 1626 432 1671 agitiu3qui
451 1630 557 1660 victus
578 1628 618 1659 ad
633 1629 715 1661 Sici-

132 1677 210 1710 liam
229 1676 294 1708 fuit
311 1686 398 1708 anno
417 1678 460 1708 U.
479 1677 516 1709 C.
542 1677 608 1716 718
621 1688 630 1716 3
645 1678 715 1708 An-

134 1725 246 1757 tonius
272 1723 313 1754 ad
333 1724 467 1755 Actium
479 1747 488 1762 ,
505 1733 593 1755 anno
625 1725 691 1763 723
705 1747 714 1763 ,

132 1771 323 1814 profligatus
341 1778 400 1803 est.
415 1789 464 1794 ——-
481 1773 582 1802 Actus
597 1768 686 1808 freto
703 1783 715 1802 :

133 1819 291 1862 expulsus
318 1819 402 1850 freto
428 1819 551 1850 Siculo.
565 1837 612 1842 —
626 1820 715 1860 Nep-

133 1866 243 1901 tunius
264 1866 335 1898 dux
353 1877 365 1896 :
385 1866 531 1905 irouiee;
549 1865 716 1897 deridetur

133 1914 187 1946 hie
199 1913 337 1945 infelicis
358 1914 490 1954 juvenis
512 1915 715 1956 arrogantia,

134 1961 209 2004 qui,
232 1961 358 2003 aliquot
382 1961 552 1991 maritimis
573 1962 715 1992 succesi-

134 2008 214 2047 hm,
231 2007 319 2040 ultra
341 2007 476 2039 modum
502 2008 714 2050 superbiens,

135 2065 169 2088 so
181 2057 330 2098 Neptuni
347 2055 453 2087 filium
468 2056 624 2097 appellari
641 2066 716 2097 per-

135 2102 279 2140 miserat,
303 2110 549 2144 mutaveratque
577 2103 716 2134 caeruleo

135 2160 340 2193 purpureum
363 2150 648 2192 paludamentum,
672 2150 716 2182 ob

134 2198 327 2239 Neptunum
347 2198 478 2229 caerulei
490 2199 588 2228 maris
602 2204 718 2239 poten-

136 2250 294 2285 tem‚teate
301 2245 643 2289 Appiana—Fregit:
655 2256 720 2277 non

766 821 838 853 alia
853 828 933 863 post
950 821 1116 858 Xerxem,
1143 819 1254 861 inquit
1276 819 1351 850 Flo—

766 880 839 907 rus,
859 870 918 907 IV,
943 869 962 898 8
975 891 984 908 ,
1008 867 1225 899 miserdbilior
1235 865 1350 909 fhga;

766 917 886 959 quippe
909 916 1005 947 modi)
1023 923 1242 947 trecentarum
1257 914 1352 956 quin-

766 964 928 1008 quaginta
945 963 1075 995 navium
1084 961 1352 1007 ¹dominu-<scum

770 1022 830 1043 sea-¹
855 1021 1014 1053 septemve
1031 1008 1206 1054 fulgiebat.
1226 1028 1274 1033 --
1291 1009 1354 1041 Mi-

771 1067 870 1091 natus
882 1060 959 1091 Urbi
977 1059 1116 1097 vincla,
1133 1066 1196 1090 etc.
1214 1068 1222 1090 :
1241 1068 1353 1089 servos

770 1109 859 1139 enim
875 1115 907 1138 et
923 1109 1044 1149 piratas
1061 1106 1126 1137 sibi
1143 1105 1355 1138 auxiliatores

770 1157 859 1187 Sext.
878 1157 1052 1197 Pompeius
1066 1155 1239 1186 asciverat.

820 1204 852 1235 3.
872 1205 1040 1234 Romanus
1055 1202 1149 1233 miles
1162 1213 1174 1232 .·
1191 1212 1253 1244 pro
1263 1224 1274 1241 ,
1290 1203 1355 1233 Ro-

771 1252 859 1282 mani
877 1251 1012 1289 milites,
1030 1249 1186 1293 singular.
1202 1259 1263 1292 pro
1280 1248 1354 1291 plu-

771 1298 832 1330 ral.
856 1305 896 1329 ut
925 1299 1055 1341 passim.
1081 1299 1200 1328 Errant
1231 1297 1290 1338 qui
1315 1295 1356 1327 de

771 1347 920 1377 Antonio
929 1346 1000 1377 solo
1014 1346 1285 1386 interpretantur.
1300 1344 1355 1375 Sa-

773 1394 814 1425 tis
830 1393 955 1434 liquet,
973 1392 1104 1423 vallum
1127 1399 1161 1422 et
1173 1402 1195 1421 a
1209 1402 1271 1423 ma
1287 1402 1356 1422 non

772 1439 792 1472 a
814 1439 917 1478 duce,
941 1439 998 1471 sed
1021 1439 1039 1470 a
1063 1440 1218 1482 gregariis
1245 1439 1357 1469 militi—

770 1488 835 1520 bus
849 1494 982 1529 gestata.
996 1505 1045 1511 —
1057 1485 1357 1529 Emancipatusfe-

771 1535 894 1566 minoe:
918 1546 1003 1574 vox,
1032 1533 1254 1575 mancipium,
1289 1534 1357 1564 sive

771 1581 1000 1624 mancupium,
1021 1581 1108 1624 apud
1132 1583 1264 1612 Latinos
1281 1591 1358 1623 pro·

769 1631 840 1672 prie
857 1629 1019 1671 significat
1036 1629 1072 1660 id
1086 1628 1177 1671 quod
1191 1629 1289 1671 vulgo
1305 1627 1354 1659 di-

770 1679 874 1709 cimus
898 1677 1085 1709 dominium
1102 1678 1151 1708 rei
1165 1677 1304 1716 alicujus
1323 1683 1355 1707 et

768 1726 936 1767 propriam
978 1725 1231 1766 possessiouem,
1277 1722 1355 1764 quia

770 1771 847 1804 cum
871 1783 940 1803 rem
959 1771 1174 1803 vindicabant
1189 1771 1253 1801 sibi
1264 1794 1273 1810 ‚
1290 1771 1354 1802 hoc

770 1827 835 1859 est,
861 1830 954 1850 suam
977 1819 1130 1851 dicebant
1154 1829 1238 1857 esse,
1265 1818 1353 1850 illam

760 1874 826 1898 aut
839 1868 908 1907 ejus
917 1874 1043 1909 partem
1058 1877 1159 1898 manu
1171 1866 1354 1908 capiebant.

771 1916 859 1946 Hinc
896 1916 1101 1957 mancipare,
1135 1914 1204 1946 slve
1232 1913 1355 1956 aliquid

770 1962 870 1993 alicui
888 1961 965 1993 dare
992 1962 1178 2004 mancipio,
1196 1961 1283 1992 idem
1307 1969 1356 1992 est

770 2017 866 2052 atque
878 2011 915 2040 in
934 2011 1003 2050 ejus
1015 2020 1151 2040 manum
1165 2016 1198 2040 et
1213 2016 1354 2051 potesta—

771 2063 837 2088 tem
852 2057 990 2090 tradere.
1007 2059 1029 2090 J
1032 2067 1154 2089 uvmtc.
1169 2074 1216 2080 —-
1227 2056 1354 2098 Spado-

771 2104 1016 2155 m'buwgosis
1044 2116 1057 2136 .·
1079 2104 1248 2136 Eunuchis
1270 2114 1353 2135 sem-

771 2152 830 2195 per
853 2152 927 2184 ante
944 2159 1072 2184 aetatem
1094 2151 1354 2189 senescentibus3

772 2199 842 2231 vid.
880 2199 995 2242 supra,
1026 2199 1089 2232 Od.
1102 2201 1136 2239 1,
1171 2201 1226 2239 37,
1256 2209 1288 2240 9.
1307 2215 1355 2222 --

777 2246 902 2279 smine
915 2258 927 2278 .·
946 2247 1052 2280 multo
1065 2248 1222 2288 majorem
1237 2247 1304 2278 vim
1320 2246 1354 2276 in
