1422 2528
647 28 667 38 n

501 99 580 131 LIB.
608 97 624 128 1
649 96 812 129 SATIRA
835 97 880 128 X.

81 163 237 205 Fortius
255 173 295 203 et
311 159 448 202 melius
465 173 622 212 magnas
643 159 879 210 plerumque
892 164 996 195 secat
1012 167 1088 195 res.

1239 94 1306 134 269

1279 162 1309 188 15

84 227 164 276 Illi,
181 227 327 279 scripta
340 223 482 276 quibus
498 220 694 260 comoedia
709 219 839 272 prisca
858 218 952 257 viris
975 227 1032 257 est
1050 226 1083 266 9,

86 292 172 329 Hoc
195 288 369 337 stabant,
388 287 464 326 hoc
481 292 570 324 sunt
591 282 788 330 imitandi3
801 280 803 283 ’
815 293 913 333 quos
933 294 1060 332 neque
1078 277 1241 332 pulcher

86 354 352 403 Hermogenes
371 349 558 401 umquam
582 345 676 397 legit
689 375 699 394 ,

715 357 842 395 neque
860 343 994 382 simius
1011 343 1084 381 iste
1096 372 1107 391 ,

87 413 153 452 Nil
170 414 312 465 praeter
331 412 491 457 Calvum
508 419 546 448 ct
565 409 703 447 doctus
722 415 877 444 cantare
896 405 1103 444 Catullum.
1122 427 1174 434 ——-

90 477 143 512 At
163 487 345 526 magnum
362 473 474 521 fecit,
492 469 599 523 quod
615 468 747 508 verbis
766 472 902 506 Graeca
918 466 1047 505 latinis
1283 483 1313 500 ιο

90 536 250 576 Miscuit
264 543 307 576 ²0.
329 557 382 565 --
395 537 431 575 Ο
454 534 531 573 seri
555 532 799 572 studiorum!
817 530 936 582 quine
953 529 1098 581 putetis

94 730 236 779 dagnus
260 732 452 775 plericmque
472 738 564 762 secat
588 742 639 763 res
661 744 673 764 :

92 785 203 824 Jocosa
233 781 319 812 enim
346 780 451 811 oratio
482 786 539 810 aut
573 779 675 811 facete

93 828 217 873 aliquid
248 829 370 859 factum
404 838 472 858 rem
507 825 676 859 difficilem

94 875 211 910 melius
245 875 404 914 absolvit,
440 876 592 906 strictum
624 876 679 906 ali-

94 935 192 968 quem
201 923 327 955 nodum
341 921 457 954 melius
468 930 552 954 secat
562 947 570 962 ‚
579 922 678 965 quam

95 974 123 1005 si
143 971 228 1003 serio
251 978 285 1003 et
308 970 449 1013 graviter
471 971 598 1001 dictum
623 977 680 1002 aut

98 1026 206 1052 aetum
244 1012 368 1051 fuisset.
396 1017 450 1049 Ad
474 1018 679 1060 propositum

99 1077 196 1098 snum
223 1065 346 1097 redibit
371 1066 491 1097 Noster
523 1067 559 1096 in
591 1067 679 1097 satir.

99 1125 167 1156 aeq.
203 1119 301 1158 vei-su
334 1113 481 1145 ultimo:
516 1113 684 1144 Solvemur

101 1161 166 1192 risu
189 1159 330 1198 tabulae,·
363 1168 397 1191 tn
428 1160 542 1191 missus
570 1160 681 1192 abibis.

103 1206 212 1250 Quini
234 1218 329 1247 vera,
359 1207 457 1250 quam
490 1209 685 1239 inconcussa

101 1258 146 1288 eit
164 1256 294 1287 Horatii
308 1256 468 1286 sententia
480 1279 490 1293 ,
516 1256 686 1297 proverbii

103 1304 326 1334 auctoritatem
339 1302 532 1343 jamdudum
552 1304 664 1334 sortita
674 1326 682 1342 ,

102 1351 283 1382 innumeris
307 1350 464 1393 exemplis
486 1350 686 1387 demonstrat

104 1399 178 1430 Val.
203 1399 294 1429 Max.
324 1399 391 1428 vn
411 1421 419 1437 ,
451 1399 487 1437 3,
517 1398 559 1428 de
589 1397 687 1441 vafre

103 1445 197 1478 dietis
210 1456 252 1476 ac
257 1445 374 1488 factis.

150 1505 184 1535 9.
209 1492 267 1525 Illi
287 1492 409 1534 scripta
432 1492 545 1534 quibus
573 1503 687 1523 coma·-

105 1541 163 1572 dia
187 1540 301 1583 pn'sca
333 1539 417 1572 viris
448 1539 498 1570 e'st
523 1551 534 1570 .·
561 1547 684 1582 poetae,

104 1589 222 1620 veteris
242 1587 412 1619 comoediae
428 1588 628 1625 inventores,
646 1587 686 1619 de

105 1636 228 1678 quibus
247 1642 305 1667 sat.
327 1642 452 1677 quartae
471 1636 584 1672 initio;
604 1636 688 1666 hanc

105 1690 138 1714 et
162 1689 256 1715 notas
284 1683 427 1714 consule.
453 1700 501 1706 —
528 1683 599 1713 Hoc
623 1690 690 1713 sta-

106 1730 187 1763 bant
204 1742 216 1762 .·
239 1729 295 1762 ἰὶὶέι
324 1730 500 1761 ridicuulm
528 1730 690 1761 tractandi

109 1775 196 1818 arte,
216 1778 352 1809 solidam
377 1785 410 1808 et
435 1778 520 1808 bene
542 1785 697 1811 connati-t

106 1833 172 1857 tem
188 1824 238 1856 sui
256 1826 372 1856 famam
385 1825 538 1856 fecerant.
551 1842 598 1848 —
612 1826 691 1856 Pul-

101 1872 185 1911 cher
199 1874 423 1915 Hermogenes
441 1884 453 1903 :
467 1872 554 1903 idem
573 1872 628 1904 ille
645 1881 693 1904 est

107 1917 329 1963 Rern-nogenes
368 1920 542 1963 Tigellius,
579 1927 693 1952 cantor

109 1968 261 2010 Augusto
297 1977 408 2007 carim,
438 1968 555 1998 Lucilii
579 1967 693 1999 contra

109 2016 283 2047 Horatium
320 2014 438 2053 fautor,
473 2015 531 2056 qni
556 2014 696 2057 pulcher

110 2062 165 2094 hie
180 2062 308 2093 satirica
323 2062 516 2104 appellatur,
536 2064 693 2104 cujusque

110 2109 312 2152 impudentia
337 2111 434 2141 initio
464 2111 566 2141 tertiae
589 2112 695 2142 satirae

111 2157 321 2188 vividissimis
340 2157 506 2188 coloribus
520 2158 695 2189 adumbra-

111 2210 142 2235 ta
162 2206 221 2236 est'.
245 2218 294 2229 —-
319 2206 435 2247 Neque
467 2204 578 2236 simius
600 2205 659 2237 iste
683 2210 723 2246 323st

112 2251 228 2283 volunt
266 2253 366 2296 prisci
407 2254 600 2295 interpretes
637 2254 706 2296 per'·

728 731 813 763 hanc
845 738 979 767 vocem,
1008 726 1137 765 simius,
1170 727 1317 762 denotari

729 778 935 813 Demetrium
959 775 1149 818 quemdam,
1172 777 1229 818 qm·
1247 788 1318 809 rur—

732 825 786 858 siis
804 824 906 863 infra,
929 835 962 855 v.
986 835 1047 865 90,
1071 824 1318 865 memorabitur,

732 871 844 906 vultus
860 871 1066 903 deformitate
1092 872 1270 914 insignem,
1289 882 1321 904 et

733 921 882 953 moribus
901 918 945 950 ita
972 919 1184 961 depravatum
1202 927 1240 951 ut
1261 921 1319 952 ob-

734 970 853 1000 scoenis
884 966 1028 999 tantum.
1051 968 1173 1009 poetis,
1210 969 1322 1009 quales

734 1018 831 1057 fuisse
861 1015 1028 1046 fatendum
1051 1021 1100 1046 est
1125 1022 1157 1045 et
1185 1016 1323 1047 Calvum

735 1071 768 1096 et
788 1064 954 1096 Catullum
964 1086 972 1101 ‚
987 1062 1223 1094 delectabatur.

789 1123 839 1143 10.
867 1113 916 1143 Ae
933 1121 1090 1154 magnum
1106 1109 1211 1153 jecit,
1237 1111 1328 1153 quod

738 1159 849 1191 verbis
875 1169 987 1202 graeca
1019 1157 1134 1189 latinis
1160 1159 1295 1190 Miscuit
1316 1173 1326 1190 :

740 1207 882 1247 objectio
901 1213 948 1237 est
973 1205 1209 1237 admiratorum
1235 1209 1328 1238 Luci—

738 1255 792 1292 lii,
813 1255 871 1296 qui
890 1265 958 1285 rem
975 1254 1069 1296 quasi
1084 1255 1245 1296 egregiam
1259 1255 1329 1286 lau·

739 1302 879 1342 dabant,
897 1312 994 1343 quam
1006 1325 1015 1340 ‚
1033 1308 1070 1332 ut
1082 1302 1327 1334 intolerandum

740 1351 878 1388 vitium,
921 1348 1160 1390 reprehendere
1195 1349 1327 1382 debuis—

741 1405 824 1429 sent.
861 1396 1011 1428 Putidam
1048 1397 1138 1427 illam
1175 1398 1331 1430 eruditio-

742 1456 818 1476 nem
836 1444 1011 1476 Ronsardo
1030 1444 1244 1486 exprobravit
1265 1457 1331 1478 me—

742 1493 806 1523 rito
825 1492 973 1524 Bolaeus:
993 1491 1082 1522 Mais
1103 1503 1143 1523 sa
1167 1504 1258 1525 muse
1286 1506 1329 1526 en

731 1539 889 1584 fi‘anfais
908 1539 1046 1581 parlant
1062 1551 1142 1582 grec
1165 1548 1199 1572 et
1219 1541 1328 1580 latin,-

741 1589 815 1619 ΑΗ.
842 1594 930 1629 poet.
951 1590 978 1619 Ι.
998 1605 1046 1612 --
1070 1589 1099 1618 Ο
1122 1587 1187 1619 seri
1205 1590 1330 1622 studio-

742 1637 835 1666 rum!
865 1635 955 1666 nulla
980 1635 1088 1666 studia
1115 1635 1199 1667 bene
1222 1637 1327 1679 profi-

744 1684 853 1722 ciunt,
886 1682 985 1724 quam
1022 1694 1095 1724 quae
1133 1682 1151 1714 ὲ
1188 1685 1331 1726 Ριιετὶιίό

745 1729 888 1772 primum
911 1730 1061 1769 exculta,
1083 1730 1195 1762 labore
1213 1731 1332 1765 deindt

747 1779 911 1809 constanti
945 1785 977 1809 et
1012 1777 1140 1810 assiduo
1175 1779 1334 1820 alunnum

747 1825 835 1856 unde
859 1824 898 1856 fit
918 1832 955 1862 nt
972 1827 1029 1868 qui
1051 1825 1136 1865 seri,
1157 1826 1192 1859 h.
1210 1839 1239 1860 e.
1258 1840 1334 1871 pro-

746 1871 840 1904 vectzi
870 1872 937 1913 jam
972 1881 1080 1913 aetate,
1111 1885 1180 1906 sese
1216 1875 1335 1908 litteris

747 1921 899 1958 tradunt,
917 1920 1068 1963 frigidius
1084 1932 1136 1953 eas
1153 1924 1330 1966 accipiant,

748 1975 779 1999 et
793 1968 860 2000 fere
877 1969 1004 2010 semper
1019 1970 1054 2000 in
1072 1969 1137 2001 illis
1155 1970 1212 2002 vix
1234 1973 1332 2003 attin-

748 2023 824 2059 gant
853 2016 1123 2049 mediocritatem.
1162 2011 1335 2063 ὀψιμαθεῖς

747 2063 857 2095 tardos
889 2064 964 2095 illos
993 2064 1178 2097 studiorum
1203 2067 1336 2099 asseclas

750 2111 856 2142 Graeci
886 2112 1063 2152 vocabant,
1091 2114 1336 2146 animadvertit-

749 2169 812 2200 que
842 2159 927 2191 Gell.
953 2161 1029 2199 XV,
1064 2162 1103 2192 13
1133 2173 1188 2193 eos
1218 2161 1336 2194 stolida

750 2205 909 2237 doctriuae
935 2211 1003 2239 snae
1026 2210 1244 2240 ostentatione
1268 2211 1337 2241 ine-

749 2252 807 2295 pta
839 2253 857 2285 ὲ
885 2256 971 2286 veris
998 2255 1137 2287 eruditis
1160 2257 1255 2288 facile
1272 2257 1336 2288 dis-

1135 2307 1205 2346 23*
