1422 2528
177 113 243 147 254

569 113 610 152 Q.
635 113 819 143 nomm
841 114 995 145 FLAcm

179 173 236 207 Ne
250 169 349 207 foret
365 170 424 206 his
440 169 565 215 testis,
580 168 669 220 post
681 182 817 219 magna
831 171 949 209 latere
968 173 1142 222 sepulcra
1159 174 1186 211 ⁸.

178 229 347 267 Mentior
361 237 399 266 at
419 228 450 265 si
465 227 574 278 quid,
597 229 736 266 merdis
756 238 870 280 caput
885 231 1063 281 inquiner
1082 232 1175 271 albis

179 290 411 332 Coi-vorum,
431 296 544 338 atque
563 288 601 324 in
615 300 675 325 me
690 289 818 326 veniat
835 290 989 328 mictum
1009 300 1124 342 atque
1143 300 1314 331 cacatum

177 350 299 387 Julius
314 358 351 386 et
367 349 508 399 fragilis
522 348 712 396 Pediatia,
727 349 865 400 furque
880 354 1069 390 Vorenus.

176 409 330 459 Singula
347 409 439 458 quid
456 410 688 446 memorem?
704 413 797 456 'Quo
813 418 924 459 pacto
943 411 1087 449 alterna
1102 412 1297 462 loquentes
1325 424 1358 450 40

180 468 338 507 Umbrae
357 481 443 505 cum
463 471 610 517 Sagana
628 478 849 506 resonarent
868 469 973 507 triste
989 479 1026 508 et
1045 482 1198 510 acutum
1217 472 1257 508 ⁹?

178 532 307 579 thue
328 529 408 579 lupi
426 528 584 566 barbam
608 529 723 566 variae
743 542 829 567 cum
849 529 959 567 dente
979 530 1146 569 colubrae

179 588 410 627 Abdiderint
430 586 559 625 furtim
584 587 714 635 terris;
736 597 773 625 et
792 589 953 639 imagine
971 592 1079 627 cerea

178 650 340 699 Largior
359 649 494 687 arserit
510 648 626 699 igni53
646 657 683 686 et
698 657 739 686 ut
756 649 951 687 nontestis
967 650 1107 688 inultus

177 855 240 876 nen
260 855 269 874 .-
284 853 381 875 unam
401 844 418 874 ὲ
436 843 541 874 tribus
558 844 662 874 Furiis
676 853 747 884 quae

177 892 279 924 caedes
294 891 470 927 ulciscitur,
485 889 501 919 a
518 889 652 920 vocibus
669 900 745 930 grae-

178 941 223 970 cis
234 961 242 976 ‚
258 935 314 968 τίω
324 961 332 976 ,
341 935 457 978 punio,
474 942 503 965 et
515 934 618 977 φονὸς,
631 937 743 967 caedes.

216 986 246 1015 8.
257 986 446 1024 Lunamque
455 981 628 1019 rubentem,
639 981 743 1024 Nefo·

177 1040 226 1063 ree
243 1030 292 1061 his
307 1029 393 1060 testis
403 1052 414 1067 ‚
424 1028 500 1069 post
513 1039 634 1070 magna
647 1029 745 1059 latere

175 1078 321 1120 sepulcra
335 1087 346 1106 .·
361 1075 450 1106 hunc
463 1075 571 1104 locum
591 1076 745 1115 expressit

173 1129 209 1156 iu
237 1123 332 1155 caedis
359 1121 668 1152 San-Bartholomeae
689 1121 743 1152 de-

173 1168 530 1212 scriptioneVoltarius‚
547 1169 646 1198 Henr.
658 1174 742 1198 cant.

174 1220 224 1250 11:
236 1219 286 1248 De
295 1226 331 1246 ce
343 1214 423 1245 mois
439 1212 646 1244 malheureusc
655 1213 744 1244 Ζίἠέ-

172 1265 250 1307 gale
274 1261 430 1292 court-iere
454 1259 611 1290 Semblait
629 1259 746 1290 cacher

176 1309 308 1352 d'effioi
328 1319 366 1338 sa
391 1306 579 1338 tremblante
601 1306 743 1337 Iumiere.

179 1374 226 1382 -·
244 1355 387 1387 Mentior
404 1361 440 1383 at
461 1353 489 1383 si
503 1352 582 1393 quid
590 1375 600 1389 ,
628 1352 745 1383 merdis

178 1411 277 1445 caput
293 1400 445 1442 inquiner
453 1399 533 1430 albis
550 1399 719 1430 corvorum
733 1410 745 1429 .-

177 1451 242 1482 ssxa
266 1451 302 1480 in
327 1447 446 1478 vertice
475 1446 579 1486 Priapi
605 1445 745 1482 arundo,

178 1505 215 1528 ut
237 1494 332 1537 supra
350 1492 489 1524 vidimus
511 1503 543 1522 v.
565 1492 603 1530 6,
626 1498 658 1522 et
675 1491 747 1522 ante

178 1544 286 1574 omnia
317 1538 499 1571 veneranda
533 1538 748 1579 augustissimi

175 1591 228 1620 dei
251 1589 411 1627 majestas,
431 1585 628 1625 importunas
650 1585 746 1614 vola-

173 1647 242 1667 cres
266 1633 433 1668 arcebant,
467 1631 679 1671 vetabantque
703 1641 744 1660 ne

174 1684 267 1714 talem
308 1679 477 1718 iujuriam,
514 1677 743 1708 delicatissimis

175 1736 329 1768 tantoque
343 1726 404 1757 deo
421 1724 525 1766 dignis
538 1723 672 1753 vocibus
689 1733 743 1753 ex-

175 1785 314 1819 pressam
344 1772 556 1814 experiretur.
590 1770 664 1807 Hie,
704 1769 743 1799 ad

174 1823 273 1854 tidem
302 1819 364 1850 sibi
395 1816 646 1853 conciliandam,
681 1826 744 1846 me.

176 1867 297 1899 tuendo
317 1870 514 1896 sacramento
534 1863 675 1892 numinis
693 1863 744 1893 sui

175 1915 264 1957 quasi
287 1911 525 1953 praerogativam
542 1909 672 1945 abnuit,
692 1915 723 1939 et
734 1931 743 1946 ,

175 1960 320 2003 quamvis
343 1957 469 1988 furibus
491 1965 622 1996 qnoque
640 1962 744 1985 terror

176 2007 341 2041 addictus,
372 2013 439 2033 non
468 1999 574 2032 minus
603 2001 745 2035 nobilem

175 2057 213 2085 iis
235 2049 385 2084 adversus
412 2059 444 2079 se
475 2046 623 2079 concedit
650 2047 744 2078 licen-

176 2103 262 2131 tiam.
278 2094 474 2136 ——Fragilis
491 2092 644 2125 Pediatia
657 2105 669 2125 .-
685 2104 742 2125 vo-

172 2149 245 2178 lunt
270 2145 459 2183 interpretes
485 2141 624 2182 equitem
646 2140 742 2171 fuisse

174 2198 372 2228 Romanum,
391 2188 447 2229 qui
471 2187 617 2223 absumto
642 2188 739 2230 patri-

800 844 910 875 monio
942 855 1008 874 sese
1044 846 1111 886 ipse
1138 848 1354 887 prostituerat.

800 890 884 919 Bene
900 889 997 932 igitur
1013 891 1144 922 Flaccus
1161 900 1270 923 noster
1290 904 1360 924 mu·

797 935 890 966 liebri
908 947 988 966 eum
999 938 1127 968 nomine
1141 939 1287 980 appellat.
1302 938 1362 970 Sed

798 988 829 1012 et
840 980 981 1024 fragilis
1004 982 1181 1024 epithetum
1205 987 1234 1016 ei
1259 985 1360 1026 probe

798 1030 966 1067 convenit,
983 1028 1001 1059 a
1019 1030 1194 1072 frangendo
1212 1031 1331 1062 scilicet
1352 1043 1359 1063 :

789 1074 948 1116 frangere
980 1075 1084 1107 autem
1095 1100 1104 1114 ‚
1142 1083 1174 1107 et
1202 1077 1359 1116 dividere,

798 1128 829 1151 et
832 1121 1024 1161 praecidere,
1039 1122 1122 1153 inter
1134 1122 1268 1155 obscena
1277 1131 1362 1155 sunt.

784 1167 933 1208 ,Fragilis
951 1168 1025 1210 ergo
1041 1175 1088 1199 est
1105 1170 1210 1201 mollis
1224 1172 1281 1212 qui
1297 1181 1363 1201 mu—

795 1213 906 1244 liebria
917 1216 1047 1255 patitur.

844 1272 875 1301 9.
892 1262 1091 1292 Resonarent
1118 1262 1206 1294 triste
1236 1271 1269 1294 et
1292 1275 1364 1294 acu·

797 1315 862 1338 tum
892 1318 904 1336 .-
926 1307 1080 1339 tribuitur
1104 1309 1202 1351 vulgo
1232 1311 1364 1342 Umbris

799 1365 866 1384 vox
875 1354 999 1395 gracilis
1008 1361 1040 1385 et
1049 1355 1121 1385 ideo
1131 1362 1223 1386 acuta
1231 1379 1240 1395 ‚
1255 1359 1362 1390 nescio

799 1399 878 1441 quid
890 1400 995 1440 tamen
1005 1401 1128 1432 funerei
1134 1402 1204 1433 soni
1214 1403 1362 1442 referens;

799 1448 882 1476 Pars
908 1447 1020 1478 tollere
1043 1458 1157 1479 vocem
1181 1449 1360 1492 Exiguam,

800 1493 890 1534 Virg.
905 1495 1044 1532 AEn.VI‚
1057 1500 1135 1535 492.
1147 1513 1194 1518 -—
1205 1496 1286 1537 Lupi
1294 1496 1363 1527 bar-

799 1539 872 1568 bam
879 1550 890 1568 :
899 1539 980 1580 pilos
987 1546 1091 1571 rostro
1098 1541 1167 1583 lupi
1177 1544 1361 1581 eminentes,

799 1586 856 1625 qui
871 1584 1035 1616 veneficiis
1046 1588 1272 1620 inserviebant.
1286 1591 1363 1621 Ros

796 1637 881 1662 trum
917 1633 1022 1663 autem
1063 1635 1169 1674 ipsum
1202 1635 1363 1668 veneficiis

796 1679 957 1716 resistere,
980 1685 1012 1709 et
1028 1679 1102 1710 ideo
1127 1681 1273 1713 villarum
1288 1694 1362 1724 por·

795 1724 835 1754 tis
849 1723 938 1765 affigi
950 1725 1072 1756 Plinius
1084 1728 1193 1758 asserit
1205 1730 1361 1767 XXVIII,

801 1781 850 1801 10.
868 1788 912 1793 —
932 1773 961 1799 V
960 1771 1038 1802 aria·
1052 1773 1190 1804 colubroe
1201 1785 1213 1804 .·
1227 1776 1360 1807 maculis

797 1816 1011 1848 distinctae.-—
1019 1817 1119 1850 Cerea
1131 1830 1143 1850 :
1156 1820 1360 1862 dissyllabae,

797 1864 980 1900 contractis,
1003 1872 1041 1894 ut
1064 1865 1267 1908 plerumque,
1286 1868 1361 1898 dua-

797 1909 859 1940 bus
885 1910 1050 1941 vocalibus
1078 1923 1095 1942 e
1124 1919 1155 1943 et
1186 1924 1218 1944 a.
1250 1914 1360 1945 Aurea

798 1956 971 1996 composuit
982 1956 1123 1998 spond&
1145 1960 1235 2002 Virg,
1251 1962 1322 1992 AEn.
1333 1963 1359 1999 1,

801 2012 865 2041 7⁰2
877 2025 886 2040 ,
907 2010 939 2033 et
957 2004 1083 2044 passim.
1096 2022 1144 2028 -—-
1158 2006 1294 2048 Largior
1311 2018 1359 2037 ar-

774 2053 778 2059 ·
797 2047 874 2078 serit
893 2048 976 2090 ignis
998 2060 1010 2080 .·
1031 2058 1143 2091 sponte
1167 2052 1242 2091 sua,
1270 2056 1359 2084 utin

795 2094 852 2125 illo
872 2096 982 2137 virgil.
1008 2097 1115 2139 Eclog.
1138 2100 1236 2135 VIII,
1269 2100 1356 2131 105:

795 2141 932 2182 Aspice,
955 2143 1104 2184 corripuit
1122 2145 1265 2176 tremulis
1278 2146 1359 2176 alta-

795 2186 845 2217 ria
855 2187 1021 2230 flammis,
1052 2191 1169 2231 Sponte
1189 2189 1260 2235 suci,
1284 2192 1357 2225 dam
