1422 2528
508 155 518 162 “
539 163 619 196 Lm.
643 162 675 194 v
699 161 786 194 ODE
808 160 869 191 Ἦ.
1241 161 1301 190 107

104 327 163 341 m
169 326 228 340 m
233 325 290 338 §m
294 324 415 337 mm
419 312 1033 334 mmmmm—mmmm*
1037 310 1157 324 mm
1161 309 1281 322 mm
1285 309 1305 320 Q

437 463 633 522 ODE·
674 456 970 518 SEXTA

337 647 405 692 IN
445 643 710 689 CASSIUM
753 637 1045 685 SEVERUM
1057 672 1070 693 ,

415 759 672 791 ORATOREM
706 757 1004 788 MALEDICUM.

113 912 154 942 In
174 908 319 948 Cassium
348 909 513 942 Severum,
541 903 714 946 quidquid,
738 911 870 934 auctore
901 903 1063 941 Gesnero,
1087 904 1315 936 contradicant

150 962 344 997 recentiores
363 959 514 994 nonnulli
525 959 730 1000 interpretes,
745 969 878 989 carmen
891 970 1028 1000 sequens
1039 959 1190 1001 seriptum
1194 959 1312 1002 sitisse,

149 1020 217 1051 tiam
233 1018 251 1049 ὲ
263 1016 426 1048 veteribus
441 1014 594 1046 librorum
612 1012 732 1049 titulis,
752 1013 818 1044 tiam
837 1024 881 1043 ex
905 1012 1136 1055 antiquissimis
1147 1024 1316 1056 gramma-

149 1075 285 1106 ticorum
298 1069 440 1108 scholiis,
469 1068 574 1100 valde*
593 1067 763 1109 probabile
787 1075 846 1098 est.
870 1067 1022 1110 Legimus
1042 1068 1134 1109 apud
1151 1067 1312 1107 Plinium,

153 1127 315 1164 Tacitum,
336 1127 495 1156 Senecam
510 1131 543 1154 et
550 1121 811 1164 Quintilianum,
823 1121 952 1152 ‘vixisse
970 1122 1162 1163 temporibus
1177 1123 1319 1166 Augusti

153 1181 302 1214 Cassium
321 1180 415 1224 illum
430 1180 578 1209 Severum
589 1201 600 1215 ,
620 1184 780 1208 oratorem
797 1187 864 1207 non
884 1176 991 1207 minias
1004 1176 1138 1208 dicendi
1151 1177 1251 1208 laude
1269 1177 1317 1207 in-

152 1237 297 1281 signem,
325 1235 426 1278 quam
451 1232 630 1264 accusandi
647 1231 801 1263 aviditate
810 1231 999 1275 famosum,
1023 1233 1100 1274 qui,
1130 1232 1215 1263 inter
1232 1233 1316 1264 alios

145 1301 296 1336 potentes
320 1301 412 1329 reos,
437 1288 582 1321 Nonium
606 1288 846 1329 Asprenatem,
872 1286 936 1328 ipsi
961 1287 1086 1318 Caesari
1119 1287 1317 1330 cognatione

150 1349 300 1392 junctum
309 1371 318 1379 .
331 1346 373 1377 de
388 1343 550 1387 ‘ueneficio
564 1342 744 1380 accusavit,
762 1339 831 1372 ιιιιᾶ
846 1341 915 1383 ejus
926 1339 1048 1383 patina
1056 1365 1068 1379 ,
1090 1349 1126 1372 ut
1138 1342 1238 1384 refert
1247 1342 1317 1373 Pli-

153 1403 246 1442 nius,
267 1402 352 1434 Hist.
370 1408 439 1432 nat.
460 1400 602 1435 XXXV,
628 1407 667 1428 12
679 1421 689 1435 ,
707 1396 841 1443 triginta
857 1404 890 1427 et
900 1404 1028 1427 centum
1051 1395 1202 1427 convivas
1218 1396 1319 1428 inter-

154 1457 229 1489 iisse
242 1456 407 1499 objiciens.
420 1454 561 1485 Delator
573 1453 631 1483 iste
645 1452 731 1482 certe
747 1451 867 1494 dignus
879 1459 951 1482 erat
964 1451 1023 1493 qui
1030 1450 1162 1482 Horatii
1174 1451 1321 1483 versibus
1353 1443 1363 1449 “

154 1518 352 1554 carperetur,
372 1517 406 1540 et
417 1519 490 1539 eum
504 1518 587 1539 cane
604 1506 718 1537 rabido
737 1513 990 1548 compararetur.
1007 1505 1084 1536 Iam
1098 1505 1192 1543 verb,
1214 1505 1322 1548 inquit

154 1560 384 1601 Mieschrlich,
403 1575 477 1605 quoe
496 1561 779 1593 Gesneruscontriz
803 1560 936 1597 monuit,
956 1559 1183 1590 adulationem
1197 1570 1272 1601 quae
1291 1560 1324 1590 ei

154 1620 314 1664 objicitur,
325 1619 390 1650 vix
405 1618 524 1649 eadere
538 1617 572 1648 in
587 1628 658 1648 eum
672 1616 836 1647 hominem
846 1616 912 1658 qui,
929 1615 968 1646 ob
979 1615 1160 1656 improbam
1173 1614 1320 1657 linguam

157 1677 289 1709 Cretam
307 1682 436 1706 amotus
456 1674 516 1711 sit,
538 1681 571 1704 ee
594 1672 627 1703 in
647 1671 800 1713 Seriplziis
813 1671 905 1701 saxis
922 1670 1139 1708 consenuerit,
1158 1669 1319 1701 neminem

159 1730 370 1762 morabuntur
391 1728 448 1770 qui
474 1727 616 1758 Cassium
625 1750 636 1765 ,
664 1737 730 1757 non
755 1725 946 1763 adulando,
988 1725 1048 1755 sed
1086 1724 1226 1756 dicae-ite
1262 1723 1323 1754 sud

158 1794 309 1818 terrorem
326 1783 528 1819 incutiendo,
550 1791 685 1812 munera
703 1780 744 1811 ab
761 1779 868 1810 invitis
883 1778 1056 1810 extorsisse
1069 1777 1274 1819 reputaverit.

206 1841 286 1873 Ciam
303 1839 414 1870 tamen
432 1838 558 1879 plures,
579 1836 692 1868 Cassio
706 1835 847 1872 similes,
875 1832 1002 1866 eanind
1022 1831 1258 1875 istdsacundia‘
1273 1833 1321 1863 iu-

148 1896 262 1940 fames
279 1897 391 1927 uomae
406 1890 447 1924 eii
459 1899 556 1923 aetate
571 1891 717 1922 extitisse
730 1898 873 1928 constet,
883 1889 1079 1932 prudentius
1092 1889 1226 1920 videtur
1238 1899 1319 1925 rem,

160 1952 229 1984 tam
241 1950 356 1994 exigui
373 1948 510 1981 aliunde
527 1946 700 1982 momenti,
724 1946 758 1976 in
772 1945 879 1977 medio
890 1945 1085 1987 relinquere.

219 2075 328 2130 Qum
347 2081 590 2119 immerentes
603 2078 775 2130 hospites
796 2085 806 2101 ¹
824 2089 941 2116 vexas
952 2105 963 2124 ‚
984 2076 1088 2115 ca'nis

168 2223 196 2244 1.
215 2211 362 2254 Hospites
375 2222 386 2241 .·
402 2210 517 2242 obvios
541 2219 690 2251 quosque
744 2208 784 2239 ad
813 2219 926 2239 canem
950 2207 1162 2239 domesticum
1193 2207 1324 2248 respicit

63 2294 66 2295 γ
116 2259 310 2302 quibuscum
321 2258 404 2290 nihil
417 2257 477 2289 tibi
487 2257 611 2298 negotii
625 2262 693 2295 est;
745 2256 910 2295 Horatius,
926 2256 1019 2296 cujus
1036 2265 1073 2286 ea
1086 2261 1134 2286 est
1146 2253 1272 2285 indoles
1287 2258 1324 2283 ut
