1404 2522
170 131 181 150 ι
191 127 208 156 4
581 119 623 159 Q.
640 96 830 150 vnomm
853 120 1003 154 mccl

968 0 970 3 ’
999 0 1067 17 “,··
1090 0 1404 94 τ-γιῦυψηνῆνήῆ

371 175 481 212 Illum
496 188 573 212 non
592 174 702 212 labor
720 176 899 214 Isthmius
913 185 928 199 ²

265 234 432 274 Clarabit
450 235 634 285 pugilem3
652 248 728 272 non
747 249 867 286 equus
885 238 1047 289 impiger

367 297 493 332 Curru
508 294 620 332 ducet
635 294 803 332 Achaico

265 356 476 403 Victorem3
501 368 625 405 neque
645 368 704 392 res
725 352 860 394 bellica
877 357 994 395 Deliis

367 417 552 452 Ornatum
572 414 670 451 foliis
686 414 819 452 ducem
831 435 853 462 ‚-

265 473 378 522 Quod
393 487 525 525 regum
547 474 710 511 tumidas
730 475 948 512 contuderit
963 476 1099 522 minas,

367 534 550 572 Ostendet
565 534 753 584 Capitolio
762 549 772 580 ;

262 595 336 633 Sed
356 608 440 644 quae
460 594 582 631 Tibur
600 607 708 643 aquae
728 595 851 631 fertile
870 597 1075 645 praefluunt
1094 597 1126 645 ³³,
1316 618 1343 633 .-

367 657 414 692 Et
433 654 560 704 spissae
578 666 776 690 nemorum
796 667 930 701 comae,

263 717 289 750 F
292 713 420 764 ingent
435 713 558 749 AEolio
574 713 739 750 carmine
758 713 935 772 nobilem.

149 865 186 894 in
203 859 262 893 hac
289 857 470 891 suavissima
489 860 625 900 imagine
639 869 718 899 prae-

150 911 282 940 iverunt
292 906 429 938 Horatio
447 905 628 946 complures
642 915 720 945 poe-

151 963 192 986 tae
223 955 333 996 graeci,
358 953 375 983 ὲ
404 951 521 991 quibus
547 950 721 980 Hesiodum

152 1002 250 1031 citare
281 1001 381 1038 juvat.
416 991 529 1030 ὅντινα
563 994 722 1039 τιμήσουσι

152 1046 220 1083 Διὸς
253 1047 361 1088 κοῦραι
391 1054 430 1087 με
457 1041 562 1079 οἱλοιο,
582 1041 722 1086 Γεινόμε-

152 1095 201 1125 »bv
223 1095 251 1123 τ’
276 1087 399 1122 ἐσίδωσι
432 1087 617 1132 ὸιοτρέφεων
633 1086 724 1119 *Gaei—

151 1138 253 1176 λὴων,
270 1140 320 1180 Τῷ
343 1135 398 1180 μὲν
425 1133 476 1166 ἐπὶ
500 1134 626 1179 γλώσσῃ
646 1139 721 1179 γλυ-

152 1184 242 1228 κερὴν
259 1182 390 1224 χείουσιν
407 1179 528 1219 ἀοιδὴν,
544 1183 604 1212 Τοῦ
620 1177 650 1211 δ’
665 1180 722 1211 ἔπε’

153 1242 188 1263 εκ.
202 1229 339 1274 ςόματος
355 1228 399 1272 ρεῖ
413 1227 517 1271 μέιλιχ
519 1238 550 1258 οι.

200 1279 231 1308 2‘.
246 1276 353 1307 Labor
369 1274 516 1304 Isthmius
532 1285 541 1303 .·
555 1273 625 1303 ludi
635 1296 644 1310 ,
663 1274 720 1314 qui

150 1334 264 1366 magno
286 1322 474 1353 athletarum
495 1320 604 1350 labore
619 1320 719 1360 prope

152 1369 342 1402 Corinthum
367 1368 460 1398 tertio
484 1376 613 1406 quoque
635 1376 719 1396 anno

150 1415 403 1450 celebrabantur,
425 1424 441 1442 a
455 1413 592 1453 Sisypho
609 1412 719 1442 Corin-

150 1463 288 1493 thiorum
303 1470 389 1501 rege,
410 1460 444 1488 in
456 1458 612 1488 honorem
629 1458 720 1487 Meli-

150 1515 264 1544 certae,
283 1506 334 1536 dei
353 1506 484 1542 marini,
505 1514 590 1534 anno
618 1502 719 1534 1350ο

152 1554 223 1585 ante
236 1554 311 1584 Chr.
325 1552 474 1582 instituti.
486 1567 533 1573 —
550 1550 694 1580 Clarabic
708 1562 719 1579 .·

150 1601 306 1642 illustrem
330 1598 432 1628 faciet.
451 1613 498 1621 --
517 1597 613 1626 Curru
628 1596 722 1626 ducet

152 1645 298 1678 Achareo
321 1643 478 1674 Victorem
502 1655 511 1672 :
533 1643 586 1672 alii
609 1642 647 1672 de
672 1653 719 1672 re-

153 1694 224 1724 ditu
249 1691 380 1722 victoris
406 1690 441 1719 in
468 1690 601 1730 patriam
635 1690 719 1718 inter

151 1740 280 1781 plausus
313 1736 462 1773 urbium,
494 1735 546 1764 alii
581 1734 619 1764 de
648 1736 718 1775 ipso

153 1795 251 1815 cursu
274 1785 309 1814 in
327 1781 428 1813 stadio
447 1781 504 1811 ubi
520 1781 653 1811 victoria
670 1792 716 1811 re-

149 1837 272 1873 portata
285 1829 345 1859 fuit
355 1852 364 1867 ,
376 1828 458 1858 hanc
470 1838 578 1858 vocem
590 1849 599 1864 ‚
611 1827 713 1864 ducet,

149 1877 351 1916 intelligunt3
383 1884 477 1914 quem
511 1874 716 1914 posteriorem

150 1933 275 1954 sensum
286 1921 488 1962 praetulerim.
496 1937 541 1942 —-
552 1918 694 1950 Achai'cu
705 1931 716 1949 :

151 1970 264 2000 Graeco
276 1991 283 2005 ‚
309 1974 344 1996 ut
360 1965 472 2006 passim
493 1966 527 1995 in
548 1967 668 2006 poetis,
686 1973 718 1996 et

149 2014 322 2056 praesertim
337 2013 371 2042 iu
387 2012 532 2053 Virgilio.
553 2029 598 2034 --
616 2012 718 2042 Deliis

140 2061 235 2104 foliis
249 2071 260 2090 :
275 2060 364 2090 lauro
374 2081 383 2095 ,
397 2068 468 2098 quae
486 2058 647 2098 Apollini,
663 2069 717 2088 cu-

145 2109 199 2147 jus
213 2106 309 2138 Delos
324 2105 422 2145 patria
433 2126 441 2141 ,
453 2111 571 2134 sacrata
585 2111 661 2134 erat.
672 2122 716 2127 —

153 2153 248 2194 Quod
259 2161 369 2193 regum
394 2150 529 2179 tumidas
541 2150 718 2180 contuderit

150 2199 254 2230 minas
273 2209 283 2228 .·
300 2196 378 2228 nihil
391 2197 510 2236 gratius
526 2203 591 2226 erat
603 2198 716 2227 Roma-

775 862 824 891 nis
835 861 928 902 quam
946 864 970 893 si
986 874 1074 905 reges
1097 864 1256 896 durissimi
1278 877 1344 896 ser-

775 909 845 937 vitii
869 910 982 939 meriti)
1010 911 1224 950 impatientes,
1252 920 1283 943 et
1307 914 1340 943 in

775 955 876 984 minas
905 963 1122 996 erumpentes,
1155 957 1342 995 domarent.

776 1010 891 1040 eosque
914 1003 1032 1031 catenis
1059 1009 1206 1034 oneratos
1231 1007 1342 1036 currui

776 1046 1013 1087 triumphatoris
1025 1050 1244 1090 astringerent.
1258 1050 1341 1082 Vide

774 1092 889 1132 supra,
907 1093 969 1124 Od.
995 1095 1046 1131 11,
1067 1105 1126 1132 12,
1147 1105 1198 1126 11.
1216 1114 1263 1120 —
1282 1098 1340 1127 Os·

774 1138 883 1167 tendet
916 1139 1075 1180 Capitolio
1107 1150 1115 1171 :
1150 1151 1222 1182 pars
1257 1143 1339 1174 enim

774 1185 929 1226 triumphi
971 1186 1210 1226 praeclarissima
1253 1196 1339 1228 erat,

773 1230 860 1270 quod
891 1232 1013 1270 victor,
1049 1243 1147 1263 curru
1175 1233 1340 1273 sublimis,

773 1278 918 1307 omnium
954 1279 1064 1309 oculos
1091 1279 1128 1308 in
1151 1289 1183 1309 se
1205 1290 1340 1312 conver-

772 1328 870 1360 teret,
898 1324 1006 1364 sicque
1043 1325 1145 1355 tnrbae
1174 1325 1342 1358 admiranti

771 1375 802 1398 et
816 1369 982 1409 plaudenti
996 1377 1218 1402 ostentaretur.
1235 1374 1338 1413 Quam

772 1415 1038 1446 circumstantiam
1052 1427 1119 1447 non
1128 1418 1234 1448 omisit
1246 1420 1339 1450 Ram·-

754 1461 862 1498 ·nius‚
885 1460 961 1492 dum
979 1464 1044 1494 Titi
1068 1463 1264 1505 triumphum
1286 1466 1338 1496 de-

772 1507 883 1536 scribit
893 1509 926 1537 in
937 1510 1084 1540 Berenice
1092 1531 1101 1547 ,
1111 1512 1183 1540 Act.
1195 1512 1220 1548 Ι,
1231 1513 1280 1542 Sc.
1290 1513 1336 1543 V.-

776 1554 858 1582 Tous
873 1565 923 1583 ces
931 1566 1023 1594 ιγειικ
1037 1557 1134 1596 qu'on
1153 1555 1264 1595 voyoit
1281 1568 1339 1588 ve-

773 1599 825 1628 m'r
847 1599 888 1629 de
915 1608 1015 1631 tontes
1038 1597 1128 1642 par-'ts
1157 1601 1338 1644 Conflmdre

771 1655 825 1675 sm·
859 1645 906 1675 lui
935 1647 1005 1677 seul
1030 1648 1112 1678 leurs
1148 1648 1256 1678 assides
1288 1660 1337 1680 re-

768 1691 879 1733 gards.

817 1739 846 1768 3.
864 1737 929 1767 Sed
941 1749 1013 1778 qua»
1042 1739 1136 1769 Tibur
1152 1749 1247 1780 aquoe
1265 1740 1333 1783 fir-

770 1781 825 1813 tile
863 1784 1038 1826 praefluunt
1066 1797 1078 1815 .·
1106 1784 1179 1816 vide
1210 1788 1244 1817 iu
1276 1787 1336 1818 ode

768 1830 960 1869 praecedenti
984 1841 1089 1862 versus
1110 1833 1150 1862 31
1171 1839 1203 1862 et
1223 1834 1276 1865 32.
1292 1851 1336 1858 --

769 1876 814 1905 Et
828 1876 934 1916 spissoe
947 1887 1109 1908 nemorum
1122 1889 1224 1909 coma·
1241 1890 1252 1909 .·
1265 1879 1337 1911 vide

768 1922 883 1962 supra,
906 1922 968 1954 Od.
986 1924 1016 1960 I,
1036 1935 1069 1962 1,
1093 1926 1153 1962 30,
1175 1932 1205 1955 et
1226 1933 1335 1958 notam

769 1969 802 1998 iu
819 1968 885 1998 haec
909 1969 1024 2000 verba:
1041 1972 1096 2000 Me
1114 1971 1256 2012 gelidum
1283 1983 1336 2003 ne-

770 2024 855 2050 mus,
889 2022 950 2046 etc.
977 2033 1023 2038 —-
1053 2016 1160 2047 AEolio
1191 2018 1334 2049 carmine

771 2060 906 2091 nobilem
931 2072 943 2091 .·
967 2069 1026 2092 cur
1045 2072 1171 2093 carmen
1195 2064 1332 2104 lyricum

770 2108 952 2138 nominetur
982 2108 1123 2139 AEolium
1154 2109 1202 2140 sat
1230 2111 1331 2152 expli-

769 2154 892 2184 cuimus
925 2155 959 2184 in
983 2161 1050 2184 not.
1071 2155 1134 2186 Od.
1167 2157 1232 2194 111,
1271 2158 1334 2195 30,

772 2199 823 2230 13.
