1422 2528
553 134 634 166 ΠΒ.
657 135 689 164 V
713 134 802 165 oDE
826 133 887 164 111.
1081 132 1083 134 ’
1285 127 1325 167 87

217 201 307 239 Non
326 210 388 235 me
404 196 575 234 Lucrina
587 195 762 246 juverint
784 193 987 244 conchylia
1008 197 1058 239 ¹0,
1100 219 1102 222 -

328 256 502 308 Magisve
521 255 728 302 rhombus,
743 264 810 293 aut
825 255 938 303 scari,
1078 292 1081 295 ,
1296 258 1329 283 ⁵⁶

219 321 259 362 Si
279 333 376 372 quos
390 319 479 357 Eois
495 318 667 356 intonata
684 317 866 355 fluctibus

324 383 468 430 Hyems
486 380 532 417 ad
552 379 628 417 hoc
647 388 771 417 vertat
791 391 916 424 mare3

216 443 306 480 Non
324 439 419 479 Afra
442 441 524 479 avis
545 440 752 479 descendat
769 441 808 478 in
822 449 996 478 ventrem
1017 448 1164 484 meum,

322 504 410 540 Non
426 510 578 553 attagen
597 503 752 540 Ionicus

216 567 238 603 J
242 563 443 610 mundior,
461 566 577 614 quam
594 564 693 602 lecta
711 563 759 601 de
778 561 1039 615 pinguissimis
1295 566 1326 590 5³

322 625 437 663 Oliva
452 627 567 664 ramis
583 625 788 671 arborum,

217 689 296 725 Aut
311 686 434 724 herba
454 686 602 738 lapathi
620 694 730 738 prata
750 687 912 724 amantis
931 695 978 734 ¹¹,
999 693 1037 722 et
1059 684 1168 735 gravi

325 749 465 787 Malvae
479 747 654 787 salubres
673 740 853 798 corpori,
1219 739 1223 741 ¹

105 977 168 1009 pes
196 964 359 1006 inemptas
384 974 397 994 .·
428 963 534 994 dicere
567 963 693 995 solebat

114 1015 195 1046 Cato
208 1011 481 1054 patrem-familias
495 1011 670 1042 vendacem
682 1034 691 1049 ,

113 1072 183 1092 non
221 1070 362 1090 emacem
415 1069 482 1090 esse
531 1066 693 1100 oportere.

114 1107 234 1140 Confer
246 1107 364 1149 Virgil.
379 1106 499 1148 Georg.
516 1107 575 1142 IV,
591 1107 669 1137 132.

163 1165 215 1186 ιο.
249 1153 393 1185 Lucrina
416 1152 589 1193 conchylia
610 1164 623 1184 :
645 1163 693 1184 os-

110 1209 178 1234 trea
197 1202 367 1243 caeterique
395 1201 539 1240 ejusdem
566 1201 692 1242 generis

108 1251 215 1291 pisces
230 1248 248 1278 ὲ
262 1250 406 1279 Lucrino
416 1247 488 1278 lacn
500 1248 612 1289 petiti,
632 1258 691 1288 op-

111 1296 185 1326 timi
199 1295 322 1337 uaporis
342 1293 560 1325 habebantur.
577 1294 691 1324 Lucri-

113 1352 175 1373 nus
198 1341 288 1372 lacus
302 1340 322 1372 a
335 1341 452 1383 virgil.
472 1347 686 1378 memoratus,

112 1387 403 1431 Georg.11,161,in
409 1387 589 1418 Puteolano
601 1388 691 1419 Cam-

111 1436 216 1478 pania
231 1436 305 1466 sinu
321 1436 431 1466 minor
452 1441 500 1465 est
514 1435 622 1472 sinus,
639 1435 690 1464 in-

112 1489 162 1513 ter
178 1482 268 1514 Baias
281 1489 314 1512 et
329 1481 496 1514 Puteolos.
507 1498 556 1505 —
570 1480 690 1512 Rhom-

111 1529 167 1560 bus
185 1540 197 1560 .-
212 1529 365 1571 (gallice,
391 1529 422 1559 Ie
449 1528 576 1570 turboc)
595 1530 692 1570 piscis

111 1575 344 1608 nobilissimus.
355 1593 403 1600 —-
415 1575 509 1606 Scari
518 1587 529 1606 .·
541 1575 554 1619 (
565 1576 688 1618 gallice,

111 1623 142 1654 Ie
149 1622 272 1666 sar-get)
285 1622 352 1655 vid.
366 1624 449 1654 Hist.
466 1630 533 1660 nat.
549 1624 688 1665 piscium

110 1670 128 1701 a
139 1670 216 1702 clar.
227 1671 288 1702 vir.
300 1671 418 1702 comite
427 1670 467 1701 de
475 1669 650 1712 Lacepede,
664 1678 688 1703 t.

110 1719 171 1756 vl,
184 1729 216 1760 p.
235 1718 314 1757 275,
338 1719 444 1755 in-12,
463 1719 563 1759 1793.
588 1720 629 1749 In
653 1717 690 1748 ea

110 1763 237 1796 tantixm
247 1772 337 1807 parte
350 1766 446 1795 maris
459 1764 692 1796 Mediterranei

108 1812 329 1854 capiebantur,
340 1822 413 1853 quae
420 1813 522 1854 vergit
532 1811 573 1842 ad
584 1813 691 1843 orien-

109 1866 186 1892 tem.
220 1859 403 1891 Accidebat
438 1859 614 1902 aliquando
643 1867 689 1891 ta-

109 1906 184 1938 men
200 1913 239 1938 ut
250 1907 376 1946 jactatis
401 1913 590 1948 tempestate
607 1906 688 1947 flnc-

109 1953 213 1992 tibus,
227 1953 434 1986 abscederent
448 1952 539 1984 velilt
551 1953 568 1984 a
584 1953 687 1995 patriti

108 1999 237 2043 longina
245 2023 256 2040 ‚
268 2009 300 2032 et
313 2002 349 2032 in
359 2002 465 2032 vicina
475 2000 574 2031 Italiae
585 2002 684 2032 maria

109 2046 348 2081 delaberentur.
373 2066 421 2072 —-
437 2046 518 2079 Eois
532 2047 683 2079 intonata

97 2093 274 2137 fluctibus:
295 2106 369 2126 cum
391 2097 425 2127 vi
449 2102 481 2126 et
499 2095 624 2137 fragore
637 2096 683 2125 in-

109 2151 200 2172 cussa
214 2148 393 2184 tempestas.
417 2143 469 2173 Sic
489 2153 600 2173 omnes
613 2153 680 2173 ver·

106 2194 180 2218 tunt
204 2188 408 2231 interpretes,
438 2189 586 2231 quamvis
614 2200 680 2220 vox

101 2234 156 2267 iun
165 2257 174 2273 ,
200 2234 350 2268 intonata
358 2260 370 2276 ,
398 2237 415 2268 ὲ
440 2243 554 2268 neutro
578 2236 680 2268 verbo

747 963 891 994 derivata
914 969 946 993 et
966 963 1227 993 terminationem
1257 974 1327 1004 pns-

748 1013 848 1042 sivam
865 1009 980 1043 contra
994 1010 1102 1041 solitas
1113 1011 1331 1051 grammaticae

747 1058 834 1100 leges
869 1057 1027 1095 induens,
1063 1058 1144 1088 mihi
1177 1057 1328 1088 nonnihil

748 1106 946 1147 suspicionis
983 1111 1116 1136 moveat
1154 1111 1279 1136 textum
1312 1104 1328 1135 a

747 1152 852 1194 prima
883 1153 1008 1194 origine
1042 1153 1141 1183 fuisse
1169 1151 1331 1183 adultera-

745 1207 828 1232 tum.
841 1217 889 1224 —-·
903 1200 962 1231 Ad
973 1199 1033 1231 hoc
1052 1211 1143 1231 mare
1161 1211 1172 1230 :
1185 1200 1226 1231 ad
1241 1211 1329 1231 mare

745 1247 907 1279 Italicum.
928 1264 977 1271 ---
997 1246 1084 1289 Afra
1104 1247 1173 1277 avis
1195 1257 1209 1276 .·
1234 1243 1325 1288 'galli-

746 1304 789 1324 na
815 1293 991 1326 Numidica
1010 1293 1155 1336 (gallice,
1179 1293 1213 1324 la
1229 1293 1332 1335 poule

744 1340 944 1383 d'Afrique,
974 1340 1078 1379 aliter,
1103 1342 1139 1371 Ia
1164 1339 1325 1378 Pintade,

745 1394 784 1417 ut
797 1387 884 1418 recte
903 1387 1019 1418 scribit
1034 1387 1148 1426 Basso,
1159 1388 1245 1419 nist.
1259 1395 1328 1420 nat.

746 1435 875 1473 avium,
902 1441 926 1467 t.
950 1436 1016 1474 111,
1042 1446 1075 1477 p.
1108 1435 1194 1473 234,
1210 1435 1327 1474 in-12‚

746 1481 823 1513 edit.
844 1484 962 1524 Lupar.
986 1493 1072 1523 1772
1084 1480 1108 1524 ).
1123 1500 1169 1506 --
1179 1484 1329 1526 Attagen

746 1529 877 1560 Ionicus
889 1541 901 1560 .·
916 1529 956 1560 de
977 1537 1142 1571 attagene,
1153 1529 1221 1562 vid.
1237 1531 1330 1561 Aris-

746 1582 806 1608 tot.
826 1579 910 1608 Hist.
932 1577 1060 1609 animal.
1086 1579 1155 1616 IX,
1178 1579 1218 1617 37
1243 1578 1331 1621 (gal-

742 1623 822 1663 lice,
840 1624 1012 1668 fiancolin
1020 1626 1044 1666 ).
1063 1626 1112 1656 De
1135 1626 1200 1656 isto
1218 1626 1327 1656 avium

742 1682 874 1713 genere,
905 1672 1038 1704 consule
1065 1679 1143 1714 post
1171 1673 1328 1704 Aristote-

742 1718 822 1758 lem,
840 1720 925 1752 Plin.
937 1721 1021 1752 Hist.
1040 1727 1106 1752 nat.
1123 1721 1155 1751 X
1170 1744 1180 1760 ‚
1203 1726 1247 1761 49
1263 1731 1271 1758 ;
1295 1729 1328 1752 et

742 1767 875 1798 Buffon.
888 1767 928 1798 de
941 1767 1068 1805 avibus,
1084 1775 1107 1799 t.
1124 1769 1227 1809 III,p.
1244 1767 1327 1808 367,

744 1813 821 1845 edit.
838 1816 921 1857 Lup.
939 1815 1046 1847 in·12.
1060 1832 1107 1838 ———
1125 1815 1325 1847 Jucundior:

743 1862 827 1892 refer
847 1862 890 1892 ad
918 1863 1054 1894 verbnm
1079 1865 1247 1904 superius,
1267 1864 1324 1895 de-

742 1909 891 1941 scendae.

794 1967 807 1986 1
818 1967 846 1987 1.
861 1955 1006 1998 Lapatlu'
1027 1965 1129 1998 prata
1153 1958 1299 1989 amantis
1313 1971 1325 1990 .·

740 2002 909 2044 lapathum
920 2002 939 2034 ὲ
949 2014 1031 2034 voce
1043 2003 1144 2048 graeca
1154 2003 1323 2045 λαπάζειν,

737 2050 828 2090 quod
851 2058 899 2082 est
921 2051 1049 2082 mollire
1060 2075 1070 2090 ,
1095 2051 1220 2083 solvere
1234 2053 1320 2095 (gal-

735 2096 812 2136 lice,
824 2097 963 2129 l'oseille
971 2097 994 2140 ),
1003 2097 1078 2139 quia
1088 2101 1194 2130 ventri
1205 2100 1318 2131 laxan-

736 2142 779 2175 do
797 2145 914 2177 idonea
933 2152 991 2177 est.
1017 2145 1103 2177 Vide
1130 2146 1214 2177 infra
1225 2170 1235 2183 ‚
1252 2149 1316 2179 Sat.

734 2192 784 2230 11,
809 2199 848 2231 4,
868 2204 923 2235 29.
936 2210 986 2217 ·—-
999 2194 1046 2224 Ee
1068 2192 1166 2236 gravi
1197 2193 1316 2225 ,Malvae

733 2238 878 2272 salubres
892 2240 1039 2282 corpori:
1048 2240 1176 2281 malva(
1189 2240 1314 2284 gallice,
