1422 2528
5 0 390 45 mvn-rn-
430 0 438 4 .

18 49 22 59 ¹
98 55 100 58 γ
164 50 166 52 Ι
291 59 308 76 Ἴ
476 51 478 58 ι

517 122 597 154 Lm.
622 123 638 152 1
662 120 824 153 sA‘rmA
849 122 876 152 1.

1192 139 1195 143 -
1244 118 1308 148 183

95 184 202 232 Quid
216 181 269 221 mi
281 182 401 234 igitur
416 180 556 220 suades
567 178 621 217 ¹⁶?
634 181 690 218 Ut
701 179 832 218 vivam
845 179 1027 228 Maenius,
1049 183 1116 216 aut
1129 176 1184 216 sic

96 248 152 284 Ut
163 245 455 284 Nomentanus?
469 243 602 294 Pergis
615 243 828 294 pugnantia
844 253 976 280 secum
1075 246 1078 250 '
1092 232 1105 246 ²

95 307 306 347 Frontibus
318 306 489 344 adversis
503 300 751 356 componere!
782 306 866 342 Non
881 317 973 355 ego,
993 316 1154 343 avarum
1192 298 1232 327 Ῥ

102 371 233 416 Quum
252 377 342 406 veto
362 376 399 405 te
418 366 521 415 fieri,
540 379 710 418 vappam
725 365 847 416 jubeo
869 379 913 403 ac
932 365 1178 404 nebulonem.

100 433 168 469 Est
184 431 286 469 inter
294 430 454 467 Tanai'm
468 428 656 480 quiddam
677 433 933 479 socerumque
945 427 1092 466 Viselli.
1268 434 1315 458 10⁵

97 493 165 529 Est
180 490 317 529 modus
335 491 376 528 in
395 489 531 538 rebus,
552 498 642 529 sunt
657 490 753 528 certi
767 490 935 540 denique
951 489 1065 538 fines,

100 555 209 600 Quos
226 552 327 589 ultra
338 552 514 602 citraque
533 552 670 602 nequit
685 543 896 590 'consistere
910 559 1074 589 rectum.

152 614 271 660 Illuc,
287 613 390 651 unde
408 612 500 659 abii,
522 612 654 654 redeo.
680 613 844 651 Nemon’
861 622 903 651 ut
923 625 1062 650 avarus

99 680 148 716 Se
159 665 304 728 probet
320 683 365 722 ι7,
384 689 428 713 ac
448 675 727 727 potiuslaudet
750 673 905 711 diversa
925 674 1155 724 sequentes?

100 735 294 788 Quodque
316 737 439 775 aliena
458 736 607 788 capella
625 745 741 787 gerat
757 734 963 773 distentius
981 734 1093 781 uber,
1269 752 1315 767 110

98 799 309 848 Tabescat;
323 812 450 850 neq-ue
473 812 514 836 se
537 798 679 850 majori
697 797 994 850 pauperiorum-

97 859 243 899 Turbae
257 869 476 912 comparet;
491 860 596 898 hunc
606 867 726 911 atque
740 859 845 897 hunc
858 868 1042 910 superare
1058 857 1235 896 laboret?

99 919 162 960 Sic
177 921 372 960 festinanti
385 921 540 972 semper
559 921 794 972 locupletior
810 919 951 959 obstat.

97 1071 100 1074 Δ
150 1076 204 1108 16.
227 1075 319 1117 Quid
337 1072 391 1107 mz‘
409 1075 507 1119 igitur
528 1075 647 1106 suades
664 1079 681 1107 :⁹

100 1133 215 1154 avarus
243 1123 402 1164 loquitur.
425 1141 474 1147 —-
502 1126 545 1155 Ut
569 1122 679 1154 vivam

98 1169 258 1207 Moenius,
282 1177 341 1200 aut
361 1168 406 1200 sic
430 1172 473 1201 Ue
500 1172 681 1202 Nomenta-

99 1228 161 1249 nus
177 1229 188 1248 :
203 1217 342 1256 uterque
361 1216 515 1248 decoctor
532 1217 680 1258 insignis.

98 1265 150 1297 De
178 1262 302 1295 Maem'o
328 1262 451 1294 iterum
481 1265 548 1306 agit
575 1262 678 1302 iufra,

98 1312 202 1354 Epist.
217 1310 251 1350 Ι,
270 1310 332 1349 15,
352 1310 406 1342 26.
426 1329 471 1335 —
488 1309 602 1353 Pergis
615 1321 678 1350 pu-

96 1356 241 1401 gnanct‘a
276 1368 384 1388 secum
415 1357 585 1389 Frontibus
617 1357 677 1387 ad-

100 1404 410 1447 versis'componere
423 1416 434 1435 :
451 1405 530 1436 duas
548 1415 599 1435 res
617 1404 680 1435 sibi

99 1452 235 1485 omnino
247 1453 428 1494 oppositas,
449 1455 546 1483 vitam
560 1452 682 1483 scilicet

99 1506 191 1532 tunm
218 1498 494 1537 sordidissimam,
525 1507 557 1530 et
580 1500 679 1530 vitam

98 1545 272 1581 hominum
289 1546 493 1588 prodigentia
510 1546 680 1577 infamium

99 1594 205 1636 pergis
227 1603 433 1635 comparare,
460 1605 533 1636 quae
548 1593 679 1635 quidem

99 1640 167 1672 tam
183 1640 246 1671 sibi
259 1648 456 1683 repugnant,
472 1648 526 1680 ut,
536 1641 680 1672 hostium

99 1688 388 1720 infensis-simorum
402 1687 515 1726 instar,
531 1699 599 1718 non
610 1699 680 1730 pos-

100 1736 167 1767 sint
180 1733 278 1767 simul
288 1736 462 1766 consistere
471 1757 479 1772 ,
490 1736 571 1776 quin
584 1732 680 1765 astera

99 1782 191 1814 alteri
204 1782 329 1813 bellum
343 1782 540 1824 inexpiabile
550 1782 679 1813 inferat.

99 1848 147 1854 --
168 1832 202 1860 V
197 1840 320 1871 appara
334 1840 346 1859 :
362 1829 492 1871 proprie
509 1840 624 1870 vappa
641 1829 680 1860 de

99 1879 178 1909 vino
200 1877 320 1908 dicitnr
345 1876 436 1918 quod
459 1877 526 1906 vim
542 1887 631 1907 suam
650 1883 682 1907 et

99 1924 261 1967 quidquid
289 1925 324 1954 in
347 1934 386 1954 eo
413 1924 494 1954 boni
522 1930 554 1954 et
580 1923 681 1966 sapidi

100 1979 185 2010 erat,
215 1972 332 2002 amisit.
369 1973 429 2002 Par
460 1970 682 2012 metaphoram

100 2018 212 2050 eadem
237 2029 306 2050 vox
326 2017 519 2048 transfertur
541 2017 582 2048 ad
600 2019 682 2048 insa<

102 2076 181 2097 num
195 2067 254 2108 qui
277 2067 431 2096 virtutem
450 2075 539 2095 suam
562 2066 598 2095 in
613 2063 680 2096 sola

101 2111 240 2154 pecunia
276 2111 463 2149 fundatam,
497 2122 574 2152 opes
608 2123 681 2153 pro-

101 2159 288 2196 fundendo,
311 2159 470 2200 profudit.
487 2177 534 2182 —
554 2160 614 2189 Est
632 2158 681 2189 in-

103 2205 153 2235 te'r
174 2205 317 2237 Tanai'm
336 2206 496 2248 quiddam
521 2216 680 2236 socerum-

102 2263 165 2294 que
186 2251 301 2284 Viselli
328 2264 340 2282 :
364 2254 496 2296 ignotus
523 2253 678 2295 uterque3

734 1075 791 1107 sed
806 1075 975 1106 evidenter
991 1076 1072 1106 vitio
1086 1075 1222 1116 quisque
1238 1085 1319 1105 con—

735 1124 835 1154 trario
857 1122 1021 1154 laborans.
1046 1139 1094 1146 --
1113 1124 1175 1152 Est
1203 1122 1319 1153 modus

735 1170 767 1200 in
796 1170 888 1200 rebus
911 1180 923 1199 :
953 1170 1122 1201 utilissima
1152 1169 1319 1212 sapientiae

735 1215 887 1258 practicae
909 1226 1041 1254 norma,
1071 1226 1169 1258 quam
1205 1216 1319 1258 religio

733 1264 887 1301 sancivit,
915 1273 1073 1305 quaeque,
1094 1263 1135 1294 ab
1164 1263 1318 1294 omuibus

734 1310 936 1352 philosophis
949 1310 1096 1352 adoptata
1107 1334 1117 1349 ,
1135 1312 1169 1342 in
1182 1321 1317 1352 prover-

733 1357 826 1396 bium
844 1359 981 1389 transiit.

787 1415 798 1435 x
808 1416 838 1444 7.
852 1406 997 1436 Nemore
1010 1412 1045 1436 uc
1058 1416 1175 1436 avarus
1190 1407 1232 1436 Se
1239 1415 1319 1446 pro·

734 1452 787 1483 bec
802 1463 814 1483 .·
833 1453 1038 1494 praecipuum
1056 1454 1160 1484 satirae
1185 1462 1252 1483 suae
1272 1462 1319 1483 ar-

734 1506 924 1542 gumentum
938 1523 946 1538 ,
986 1500 1159 1531 hominum
1184 1500 1318 1541 ‚nempe

733 1548 984 1578 inconstantiam
997 1570 1005 1586 ,
1019 1547 1036 1578 a
1054 1558 1148 1578 versu
1164 1548 1319 1590 vigesimo

734 1595 832 1625 tertio
847 1594 885 1624 ad
909 1594 1128 1625 insectandam
1154 1596 1318 1626 avaritiam

733 1641 942 1680 derelictum,
959 1641 1049 1674 nuuc
1079 1643 1207 1684 repetit.
1220 1643 1320 1674 Fieri-

735 1700 776 1719 ne
796 1696 922 1732 potest,
950 1689 1124 1728 exclamat,
1149 1697 1187 1720 ut
1205 1700 1319 1721 omnes

735 1736 883 1767 homines
897 1747 994 1767 avaro
1019 1748 1092 1768 meo
1113 1747 1180 1767 sese
1198 1737 1318 1767 similes

735 1784 915 1825 praebeant,
926 1785 1060 1825 ejusque
1070 1784 1110 1814 ad
1118 1784 1316 1826 exemplum,

736 1838 856 1861 sortem
875 1842 966 1861 suam
988 1831 1120 1862 doleant
1142 1839 1174 1862 et
1197 1831 1316 1873 impro—

736 1878 815 1908 bent
825 1882 887 1908 9-
894 1878 1051 1920 Quodque
1064 1878 1177 1909 aliena
1187 1879 1317 1920 capella

733 1933 832 1967 gerat
845 1925 1014 1956 distentius
1031 1926 1109 1956 uber
1126 1926 1286 1957 Tabescae
1305 1938 1316 1955 :

736 1972 909 2014 capellam,
933 1984 994 2014 pro
1015 1973 1164 2015 quolibet
1187 1975 1316 2015 pecoris

737 2029 853 2060 genere
864 2042 872 2058 ‚
899 2030 961 2061 pro
991 2022 1081 2052 omni
1101 2028 1207 2053 Jerrae
1244 2031 1317 2064 pro-

736 2073 837 2097 ventu
848 2089 858 2105 ,
874 2066 1014 2108 denique
1035 2078 1098 2110 pro
1113 2068 1226 2098 alienis
1247 2069 1316 2109 opi-

737 2113 818 2151 bus,
840 2115 1075 2155 eujuscumque
1091 2122 1215 2146 naturae
1234 2116 1317 2152 sint,

734 2167 828 2201 poeta
845 2162 1001 2193 nominat.
1017 2161 1127 2193 —Sic
1135 2162 1317 2205 festinanti

733 2208 860 2248 semper
879 2207 1070 2250 locuplecior
1090 2210 1197 2240 obstac
1220 2220 1232 2238 .·
1251 2209 1312 2246 sic,

734 2252 807 2284 cum
823 2256 949 2297 semper
971 2255 1097 2296 aliquot
1114 2257 1199 2287 viros
1214 2254 1316 2286 multo
