1422 2528
487 118 581 166 Lm..
593 117 609 147 1
632 114 795 148 sATmA
811 116 872 147 VI.

75 182 246 236 Objiciet
262 193 380 220 nemo
399 180 535 220 sordes
553 177 714 225 ¹⁵‘mihi‚
726 191 823 229 quas
840 177 932 224 tibi,
945 177 1057 226 Tilli,

75 246 173 283 cnm
191 243 356 282 Tiburte
375 241 439 280 via
457 249 665 293 praetorem
682 239 855 290 quinque
874 246 1090 290 sequuntur

75 307 132 343 Te
145 305 277 357 pueri,
295 304 468 342 lasanum
485 300 684 353 portantes
698 300 1046 352 oenophorumque.

77 366 165 403 Hoc
179 365 209 388 ¹⁶
228 377 302 416 ego
319 362 564 402 commodius
575 390 585 408 ‚
600 361 717 411 quam
733 370 775 399 tu
789 389 800 407 ‚
820 361 1006 412 praeclare
1026 369 1193 408 senator,
1243 377 1291 393 no

74 427 251 467 Millibus
268 435 386 477 atque
405 425 502 471 aliis,
525 425 631 462 vivo.
654 424 911 473 Quacumque
933 421 1056 460 libido
1077 431 1134 461 est
1148 453 1158 471 ,

74 489 224 528 Incedo
238 490 362 536 solus3
382 495 607 540 percontor,
625 483 762 536 quanti
778 485 864 523 olus
881 497 925 522 ac
944 484 1025 530 far3

75 551 268 589 Fallacem
287 552 462 596 Circum,
477 546 824 598 vespertinumque
844 557 1006 595 pererro
1030 572 1033 573 γ

77 613 188 664 Saepe
209 611 356 658 forum3
376 610 511 648 assisto
530 607 690 653 divinis3
709 606 800 643 inde
819 606 980 643 domum
998 617 1059 642 me

76 672 140 711 Ad
159 672 269 724 porri
284 680 323 709 et
346 670 481 708 ciceris
502 668 630 706 refero
651 666 856 718 laganique
872 667 1055 704 catinum.
1246 677 1294 702 1¹5

78 736 198 773 Coena
213 733 456 771 ministratur
478 726 611 781 p'ueris
635 727 761 766 tribus
781 736 830 776 ¹73
850 736 888 765 et
908 727 1006 778 lapis
1023 726 1134 765 albus

76 795 221 835 Pocula
235 806 324 832 cum
344 792 486 844 cyatho
501 792 581 830 duo
595 790 774 835 sustinet3
798 789 922 826 adstat
941 788 1081 826 echino

78 857 176 897 vilis
197 869 283 895 cum
302 855 440 907 patera
457 862 610 906 guttus,
627 853 826 903 Campana
843 851 1033 902 supellex.

78 1014 161 1053 lice,
178 1024 243 1044 une
254 1010 367 1044 valise
376 1006 403 1054 ).
428 1006 572 1052 Simplex
591 1009 661 1052 qui·
709 1009 878 1052 pesonam
892 1019 902 1039 .·
914 1009 1098 1051 vespertina
1115 1009 1200 1040 enim
1215 1008 1296 1041 hora

82 1061 158 1093 dem
172 1061 318 1104 arguitur
335 1059 389 1090 hic
404 1059 530 1089 itineris
544 1058 659 1088 facien-

81 1109 117 1140 di
130 1108 265 1146 modus,
278 1107 335 1138 sed
349 1107 406 1148 qui
421 1105 572 1136 sufficiat.

133 1157 189 1189 15.
210 1155 328 1186 Sordes
346 1165 356 1184 .·
370 1154 476 1194 turpia
491 1153 570 1183 vitia
580 1175 590 1191 ‚
613 1162 662 1182 ar-

142 1203 278 1240 andam,
305 1209 337 1233 et
357 1200 579 1242 impudentem
601 1199 662 1230 las-

82 1252 212 1284 civiam.
227 1267 276 1274 -—-
294 1249 376 1280 Tim
393 1259 404 1278 .·
425 1248 513 1278 idem
537 1247 592 1278 ille
614 1254 663 1277 est

82 1298 217 1336 Tillius,
234 1297 275 1328 de
292 1307 359 1338 quo
372 1294 488 1337 supra,
503 1306 534 1326 v.
549 1300 663 1330 24.—

86 1345 214 1377 Tibutte
232 1342 294 1375 vid
316 1355 328 1374 :
344 1353 416 1384 quae
432 1342 537 1374 Tibur
555 1341 660 1380 ducit,

83 1392 243 1435 oppidum
269 1394 385 1423 Romae
406 1390 571 1427 vicinum,
595 1389 662 1429 quo

83 1446 177 1472 tanto
195 1450 271 1470 eum
295 1443 450 1479 apparatu
474 1447 542 1466 sese
563 1443 662 1466 trans·

83 1487 186 1526 ferre,
201 1495 336 1517 summae
354 1490 422 1515 erat
436 1482 658 1525 impudentiae.

83 1551 132 1560 --
145 1537 315 1566 Lasanum
332 1543 343 1563 .·
367 1542 424 1562 vas
444 1530 519 1561 alvo
542 1541 661 1561 exone-

84 1581 194 1614 randae
218 1581 391 1617 idoneum,
420 1577 587 1608 matulam.
613 1594 662 1600 —

88 1627 385 1671 OEnnpkorumque
414 1636 428 1655 .·
462 1635 528 1656 vas
563 1623 662 1655 vina-

84 1676 181 1708 n'um.
465 1707 467 1710 ⁴

138 1724 191 1756 16.
202 1724 293 1754 Hoc:
305 1721 360 1760 sic,
371 1719 408 1752 ea
420 1721 492 1751 vitae
504 1729 584 1765 meae
596 1729 662 1750 mo·

86 1772 263 1804 deratione.
282 1787 328 1793 --
359 1771 538 1800 Perconcor
562 1777 663 1808 quan-

86 1819 111 1851 εὶ
133 1819 202 1851 olus
228 1828 269 1848 ac
290 1816 353 1858 far
375 1827 386 1846 :
410 1826 480 1846 non
497 1812 604 1845 solum
621 1813 662 1844 ad

84 1869 264 1899 innocuam
276 1863 447 1895 libidinem
457 1885 466 1901 ,
487 1861 546 1892 sed
566 1860 661 1892 etiam

84 1914 127 1947 ad
150 1913 363 1946 domesticam
386 1910 575 1947 utilitatem
589 1919 662 1950 quae

86 1972 164 1994 cura
181 1972 233 1992 me
248 1961 411 2002 privatum
429 1967 498 1988 non
515 1955 662 1987 dedecet.

86 2027 135 2035 -—
145 2008 313 2041 fallacem
327 2005 453 2037 Circum
467 2015 478 2035 .·
492 2002 569 2045 quia
586 2014 663 2045 pro-

87 2056 131 2100 pe
157 2056 288 2088 Circum
314 2054 496 2089 institores,
528 2050 665 2090 harioli,

85 2109 125 2143 ,ᾖ
143 2102 180 2134 id
204 2112 306 2146 genus
328 2100 478 2131 homiues
493 2099 667 2129 convenie-

88 2148 186 2188 bant,
233 2148 275 2179 ad
315 2146 509 2189 captandam
558 2145 668 2187 plebe-

90 2197 174 2230 culae
191 2195 415 2227 credulitatem
435 2200 468 2224 et
482 2193 667 2235 pecuniam,

90 2261 138 2269 —-
149 2242 438 2285 Vespertinumque
450 2250 585 2283 pererro
601 2241 668 2271 Sae-

215 2297 266 2333 11.

716 1056 988 1087 deambulationis
1006 1057 1167 1098 voluptati
1188 1057 1298 1089 indul-

716 1116 790 1147 gere
811 1105 990 1146 permittit,
1007 1105 1092 1134 etin
1115 1103 1226 1134 calidis
1248 1115 1297 1135 re·

717 1151 872 1193 gionibus
902 1152 1050 1193 imperat.
1086 1168 1135 1174 —
1171 1151 1296 1182 Assisco

717 1198 836 1229 divinis
858 1209 870 1227 :
887 1198 1195 1240 praestigiatoribu5‚
1212 1209 1287 1230 scur

717 1247 763 1276 ris
773 1269 782 1284 ‚
799 1246 839 1276 iis
852 1246 910 1287 qui
925 1253 1025 1276 artem
1041 1245 1215 1276 divinandi
1226 1257 1299 1287 pro-

716 1291 866 1324 fitentur.
879 1309 928 1316 ·—·
940 1292 999 1324 Ad
1003 1292 1096 1334 porri
1112 1299 1144 1323 et
1159 1293 1272 1323 ciceris
1284 1306 1295 1323 .-

717 1350 818 1371 coenae
831 1350 898 1371 suae
911 1339 1102 1371 modestiam
1121 1339 1294 1381 significat.

716 1405 764 1411 ——
781 1386 915 1430 Lagani
928 1398 939 1418 :
955 1387 1124 1430 laganum,
1140 1387 1297 1429 placentae

716 1445 838 1478 genus,
865 1434 882 1465 ὁ
906 1434 1030 1472 simila,
1057 1434 1152 1465 melle
1169 1443 1202 1466 et
1223 1435 1297 1466 oleo

715 1483 838 1514 recenti
856 1482 1045 1513 confectum
1064 1481 1199 1524 (gallice
1211 1505 1219 1520 ‚
1239 1483 1296 1514 des

715 1529 862 1573 beignees
871 1529 896 1572 ).

767 1587 821 1618 17.
851 1575 966 1608 Pueris
990 1575 1090 1607 tribus
1109 1587 1122 1607 .·
1145 1577 1162 1607 a
1190 1577 1294 1609 tribus

717 1624 874 1664 sel-vulin
898 1623 1065 1666 opulentis
1089 1624 1216 1655 civibus
1245 1626 1295 1656 in-

719 1682 798 1714 gens
821 1681 991 1703 servorum
1019 1671 1116 1702 mrba
1135 1673 1296 1703 ministra-

718 1719 793 1758 bat,
815 1720 954 1752 Horatio
968 1725 1033 1749 tres
1050 1717 1177 1750 tantum
1193 1719 1296 1750 famu-

717 1767 759 1806 li;
785 1766 981 1798 diversitatis
999 1776 1130 1796 morum
1157 1773 1189 1798 et
1215 1773 1296 1797 tem-

717 1824 837 1856 porum
851 1814 934 1845 ratio
952 1813 1092 1844 tenenda
1105 1820 1163 1845 est.
1179 1813 1297 1846 Nostra

717 1867 826 1900 aetate,
840 1862 1041 1902 quicumque
1054 1871 1087 1891 se
1103 1860 1121 1891 a
1135 1861 1241 1892 tribus
1252 1861 1298 1892 fa-

717 1909 815 1939 mulis
832 1915 1014 1939 coenantem
1038 1908 1236 1939 circumdari
1253 1908 1299 1939 di-

717 1963 816 1995 ceret,
823 1955 988 1987 modestiae
999 1954 1129 1986 laudem
1140 1966 1208 1986 non
1218 1966 1299 1989 asse·

717 2010 883 2045 queretur.
895 2020 942 2027 —-
961 2002 1085 2034 Adstac
1103 2001 1217 2033 echino
1241 2003 1294 2034 Vi-

719 2051 759 2083 lis
774 2061 846 2081 cum
859 2047 983 2092 pater-d
996 2057 1107 2093 guttas
1118 2061 1130 2080 :
1140 2049 1294 2088 echinus,

719 2098 839 2129 animal
865 2099 1039 2140 exignum,
1066 2098 1140 2128 setis
1151 2120 1160 2136 ,
1194 2097 1296 2128 instar

719 2145 904 2186 jaculorum
922 2143 978 2175 aut
991 2145 1176 2186 spinarum,
1194 2146 1298 2175 acutis

723 2193 877 2231 obsitum,
892 2192 1014 2234 quibus
1023 2198 1128 2222 totum
1140 2202 1174 2222 se
1189 2191 1297 2222 invol-

724 2240 773 2272 vit
782 2239 964 2282 contraque
971 2249 1098 2270 morsus
1106 2248 1222 2269 canum
1233 2245 1298 2269 tue—

1087 2302 1133 2328 21
