1422 2528
123 119 186 150 128

127 261 608 275 mfflwmufflmmmm

503 123 545 162 Q.
569 121 754 154 nomm
778 120 930 152 FLAcct

791 257 1272 275 mmm-mmm
1277 255 1314 266 u

404 393 552 452 ODE
595 391 1052 453 DUODECIMA

357 556 422 600 IN
458 556 638 602 ANUM
672 556 1089 603 LIBIDINOSAM.

133 714 174 743 Ue
187 712 219 743 in
231 720 340 744 octavo
351 712 478 755 hujusce
497 712 570 744 libri
591 712 753 750 carmine,
772 713 920 745 vetulam
937 712 1114 755 quamdam
1118 710 1277 757 foeditate
1293 718 1324 741 ee

176 764 309 797 lascivia
329 766 497 809 insignem,
514 774 546 798 et
556 767 662 798 aetatis
673 778 738 798 suoe
752 767 874 798 damna
884 766 1057 810 infamibus
1066 763 1158 797 donis
1167 763 1322 795 redimere

177 828 354 852 tentantem
369 821 599 852 contumelioso
614 833 710 852 versu
727 820 779 852 hic
796 829 890 852 notat
912 821 1076 860 Horatim,
1095 818 1207 862 quoad
1216 818 1321 862 finem

177 885 271 915 quem
298 875 358 905 sibi
377 876 542 917 proposuit
566 876 768 914 laudandus,
791 869 908 918 dignu&
934 883 1044 906 tamen
1069 873 1248 916 vituperio,
1267 873 1324 914 qui

179 927 342 959 mulierem
353 927 556 960 inhonestam
572 929 834 961 inhonestioribus
843 929 914 970 fere
925 929 1034 960 verbis
1047 929 1221 959 insectatus
1235 925 1286 958 sit.

133 1071 239 1115 Qum
258 1068 329 1106 tibi
345 1069 404 1106 vis
424 1077 456 1114 ¹,
471 1070 607 1107 mulier
619 1070 738 1120 nigris
758 1069 978 1120 dignissima
993 1069 1145 1108 barris?

237 1131 401 1166 Munera
413 1133 482 1166 cnr
500 1129 593 1166 mihi
607 1160 615 1175 ‚
635 1129 776 1179 quidve
794 1129 951 1166 tabellas

133 1187 272 1234 Mittis,
291 1200 361 1225 nec
376 1188 485 1226 firmo
501 1189 647 1238 juveni,
663 1201 788 1238 neque
803 1189 906 1225 naris
925 1187 1050 1226 obesae
1061 1187 1078 1222 Ρ

238 1250 411 1297 Namque
425 1248 595 1297 sagacitls
610 1261 708 1285 unus
726 1255 739 1270 2
759 1247 915 1294 odoror,

134 1307 317 1358 Polypus,
335 1319 382 1344 an
399 1307 523 1357 gravis
538 1307 694 1344 hirsutis
712 1306 826 1344 cubet
840 1306 968 1344 hircus
984 1305 1023 1342 in
1039 1304 1126 1350 alis,
1309 1312 1324 1335 5

241 1368 366 1413 Quam
385 1367 486 1404 canis
506 1380 593 1405 acer
607 1365 675 1405 ubi
689 1367 802 1405 lateat
817 1380 892 1405 sus.

186 1526 214 1546 1.
234 1513 321 1555 Quid
331 1513 389 1545 cibi
407 1513 456 1544 vis
470 1517 487 1544 ι’
505 1514 586 1554 Quis
604 1520 635 1544 te
649 1513 698 1544 fu-

134 1572 189 1592 ror
201 1561 357 1601 exagitat?
365 1577 414 1583 —
421 1559 532 1601 Nigris
552 1559 699 1602 dignissi-

135 1618 190 1638 ma
201 1606 300 1637 barris
310 1618 322 1636 :
335 1606 427 1648 digna
451 1616 522 1646 quae
546 1616 619 1637 cum
636 1606 699 1636 ele-

135 1653 279 1694 phantiS‚
302 1663 370 1683 non
389 1663 462 1682 cum
486 1652 562 1681 viris
589 1662 700 1690 coeas;

134 1699 294 1740 elephanti
308 1699 391 1740 nigri
408 1705 538 1729 caeteros
552 1698 700 1739 elephan-

136 1753 182 1776 tes
199 1745 399 1786 turpitudine
420 1752 451 1774 et
468 1744 581 1774 foetore
609 1754 701 1785 supe-

136 1798 217 1822 rant.
227 1790 292 1823 Ct'lr
302 1791 406 1821 autem
421 1790 461 1820 ad
477 1790 700 1832 designandam

129 1836 214 1868 ‘ansts
237 1838 322 1868 illius
344 1837 529 1874 libidinem,
550 1837 700 1877 elephan-

136 1891 182 1914 tes
196 1894 261 1924 prae
277 1885 396 1914 caeteris
415 1883 605 1913 animalibus
622 1884 701 1914 Nos-

137 1937 183 1960 ter
222 1930 381 1971 selegerit,
406 1930 474 1970 ipsa
509 1923 702 1970 praegrandis

136 1983 167 2006 et
181 1975 370 2017 prodigiosae
384 1976 499 2005 belluae
515 1975 614 2005 moles
627 1975 701 2005 satis

135 2021 266 2052 indicat.
297 2039 341 2046 -
365 2021 514 2051 Tabellas
542 2032 554 2050 .·
581 2021 701 2051 litteras

137 2069 312 2098 amatorias.
322 2084 370 2091 —
388 2069 457 2098 Nec
462 2067 561 2110 firmo
565 2065 679 2108 juveni
689 2076 700 2095 .·

136 2114 234 2150 mihi,
265 2114 322 2155 qui
352 2113 428 2143 licet
454 2120 543 2143 aetate
571 2114 698 2154 vigens,

135 2159 242 2191 corhm
263 2167 293 2190 te
313 2160 449 2198 juvenili
467 2159 582 2190 robore
603 2158 701 2189 desti-

134 2214 220 2238 tuor.
238 2224 284 2230 —-
296 2207 409 2248 Neque
428 2205 515 2236 naris
536 2205 636 2236 obesa·
645 2214 658 2235 ·:
672 2211 703 2235 et

753 1513 845 1553 cujus
860 1522 951 1543 nares
963 1521 1030 1542 uon
1040 1511 1084 1543 it&
1097 1511 1220 1542 obtusae
1234 1518 1318 1550 suut,

752 1566 790 1590 ut
830 1559 900 1590 illas
940 1558 1040 1599 fugiat
1072 1557 1154 1590 odor
1192 1557 1322 1590 foetidus

755 1616 850 1647 quem
869 1605 1008 1636 exhalas.

801 1707 832 1728 α.
851 1699 938 1727 Unus
957 1708 968 1727 .-
990 1706 1056 1738 prae
1075 1697 1195 1727 caeteris
1219 1696 1321 1726 homi-

753 1743 860 1781 nibus,
884 1754 978 1774 nemo
996 1741 1137 1784 sagacitas
1154 1742 1319 1773 odoratur.

753 1789 950 1830 —Polypus
963 1800 975 1819 :
1002 1795 1107 1819 tumor
1129 1789 1244 1829 praeter
1266 1798 1321 1818 na-

754 1843 857 1866 turam
867 1836 899 1866 in
904 1834 950 1865 trit
960 1845 1050 1865 nares
1059 1835 1182 1875 genitus
1190 1857 1199 1872 ‚
1206 1833 1322 1875 polypi

752 1883 846 1923 piscis
857 1882 944 1912 carui
963 1881 1088 1918 similis,
1106 1879 1145 1910 de
1163 1890 1228 1921 quo
1238 1880 1323 1911 Cels.

753 1930 811 1965 VI,
828 1928 863 1964 8,
882 1934 915 1958 et
926 1927 1011 1957 unde
1027 1927 1122 1957 foetor
1142 1925 1321 1956 horrendus

754 1975 906 2004 nascitur.
926 1990 972 1996 -
991 1974 1046 2003 An
1065 1971 1172 2014 gravis
1193 1971 1320 2002 hircus:

754 2019 837 2050 odor
862 2019 1023 2050 hircorum
1037 2017 1187 2059 pessime,
1203 2025 1240 2048 ut
1261 2028 1321 2048 no-

754 2073 825 2096 tum
842 2072 904 2103 est,
923 2065 1078 2096 olentium
1102 2063 1249 2094 foetorem
1273 2074 1320 2094 re-

755 2111 873 2148 ferens,
890 2118 921 2141 et
947 2121 988 2140 ex
1005 2109 1121 2140 sudore
1140 2121 1180 2140 ex
1198 2109 1317 2140 alarum

755 2158 827 2199 pilis
849 2157 1009 2188 defluente
1036 2162 1135 2187 ortus.
1158 2174 1204 2182 -
1223 2155 1318 2187 Canis

757 2214 851 2235 acer:
866 2213 940 2234 nare
953 2213 1061 2244 sagax.
