1404 2522
117 132 159 152 ,ο
479 127 520 167 Q.
545 122 729 156 HonA‘rn
753 124 904 158 FLAcc1

224 183 390 219 Drusum
407 192 599 232 gerentem
613 181 822 229 Vindelici,
839 193 877 221 et
893 182 959 220 diu

277 243 446 292 Lateque
466 243 639 280 victrices
657 251 817 280 catervae
836 243 850 265 5

329 303 503 340 Consiliis
514 303 666 354 juvenis
682 303 834 341 revictae
846 332 857 349 ,
1278 316 1311 333 ²⁰

224 363 400 407 Sensere,
419 362 511 412 quid
533 376 640 401 mens
657 363 746 408 rite,
765 362 857 412 quid
874 361 1019 399 indoles

225 422 378 458 Nutrita
398 422 529 460 faustis
550 423 621 460 sub
643 421 899 473 penetralibus

277 483 429 529 Posset,
456 481 549 531 quid
567 482 730 532 Augusti
747 489 927 532 paternus

327 543 372 577 In
389 553 528 590 pueros
547 542 692 579 animus
708 543 892 579 Nerones.

227 602 357 638 Fortes
373 609 551 639 creantur
571 602 735 639 sortibus
752 601 780 647 ⁶,
800 610 836 638 et
851 600 961 638 bonis
1279 606 1310 631 2⁵

228 661 293 696 Est
307 660 346 696 in
358 660 554 710 juvencis,
574 670 630 698 est
646 661 685 698 in
707 661 814 710 equis
830 669 979 709 patrum

278 719 420 766 Virtus,
442 733 511 757 nec
525 720 713 758 imbellem
736 721 880 756 feroces

333 781 592 829 Progenerant
609 780 742 830 aquilae
758 776 983 817 columbam.

122 954 180 986 sim
191 955 293 998 legere
309 963 354 986 est
369 967 480 997 quam,
494 955 604 988 contra
618 956 692 987 doc-

123 1003 188 1033 tiss.
222 1003 281 1032 vir.
309 1003 544 1044 Vanderbourg
565 1004 691 1044 opinio-

121 1059 213 1086 nem,
228 1048 283 1078 sed
304 1049 441 1078 aliorum
463 1051 688 1090 interpretum,

121 1096 205 1125 inter
219 1105 300 1135 quos
321 1097 461 1126 Renatus
485 1096 594 1133 Binet,
613 1106 690 1125 con·

122 1151 215 1171 sensu
240 1141 330 1178 freti,
346 1141 363 1170 ὲ
387 1148 478 1171 textu
506 1142 688 1180 rejecimus,

122 1193 158 1217 ut
188 1188 328 1227 spuriam
357 1194 386 1217 et
407 1188 539 1217 Horatio
561 1185 690 1227 prorsus

122 1233 298 1274 indignam.
307 1234 494 1264 Censuimus
507 1233 609 1263 tamen
622 1243 690 1263 eam

124 1280 159 1310 in
183 1280 268 1309 notis
294 1279 510 1316 retinendam,
533 1280 597 1320 quo
618 1279 689 1308 faci-

121 1324 184 1355 lins
203 1325 434 1356 discerneretur
451 1324 531 1355 num
549 1326 621 1363 jure
648 1325 689 1355 an

122 1370 239 1410 injuria
253 1371 270 1402 ὲ
281 1373 418 1402 carmine
432 1371 495 1401 tam
510 1371 688 1412 splendido,

122 1416 186 1447 tam
202 1418 343 1458 perfecto
362 1418 514 1448 exularet.
533 1417 691 1447 Vindelici

123 1462 235 1504 quibus
263 1466 334 1494 Mos
360 1464 441 1493 unde
466 1464 617 1494 deducens
628 1475 691 1504 per

123 1520 217 1540 omne
234 1511 368 1551 Tempus
383 1507 567 1540 Amazonia
588 1510 692 1540 securi

122 1558 264 1586 Dextras
291 1556 432 1586 obarmet
442 1579 452 1593 ,
471 1567 611 1597 quaerere
626 1556 688 1586 dis-

122 1602 202 1638 tuli;
219 1603 288 1632 Nec
308 1601 386 1632 scire
397 1601 458 1643 fas
482 1610 530 1632 est
556 1602 664 1632 omnia
674 1615 687 1640 ;

121 1648 179 1678 sed
192 1648 263 1684 diii,
277 1655 351 1678 etc.
373 1650 414 1679 lis
432 1650 486 1688 qui
506 1649 633 1689 longam
646 1649 687 1678 il—

120 1694 184 1725 lam
214 1694 425 1735 parenthesim
454 1705 527 1724 cum
550 1695 685 1735 praeced.

120 1747 152 1771 et
169 1747 312 1781 sequent.
341 1741 490 1782 conjungi
514 1751 606 1781 posse
632 1752 689 1781 pu-

120 1794 207 1824 tant,
229 1786 367 1816 libenter
388 1787 604 1828 gratulamur;
631 1798 688 1816 nos

122 1833 227 1863 autem
244 1833 302 1873 qui
319 1843 353 1862 ea
366 1843 437 1873 quae
453 1843 518 1862 non
538 1833 687 1874 intelligi-

121 1889 192 1909 mus
206 1877 223 1908 a
242 1878 335 1908 nobis
351 1889 419 1908 uon
437 1879 586 1920 intelligi,
604 1880 690 1920 inge-

121 1924 186 1955 nue
195 1924 341 1962 fatemur,
354 1931 451 1955 totam
464 1925 618 1965 strophen
627 1935 690 1954 era-

122 1970 196 2001 dere
214 1969 397 2000 nullatenus
411 1972 525 2011 piguit.

169 2017 200 2048 5.
221 2016 283 2046 Diit
301 2017 442 2057 Latbqae
462 2016 611 2047 victrices
635 2027 688 2046 ca-

123 2070 219 2094 tervae
235 2073 246 2092 :
268 2063 398 2103 impune
421 2063 505 2093 enim
523 2070 554 2093 et
573 2063 689 2093 multo-

122 2109 198 2147 ties,
219 2114 257 2138 ut
280 2110 315 2138 in
338 2111 539 2149 Argumento
566 2109 689 2139 dictum

121 2162 186 2192 est,
203 2155 314 2185 Galliae
332 2162 363 2184 et
379 2156 479 2186 ltaliae
497 2154 576 2185 fines
595 2154 690 2196 depo-

121 2201 237 2242 pulatae
249 2200 384 2232 sueram.
396 2219 443 2224 —
454 2201 588 2232 Revictoe
597 2212 608 2231 .·
621 2212 690 2242 pro-

745 954 797 986 cul
810 955 926 990 dubio,
943 955 979 984 in
996 953 1098 983 vicem
1117 953 1224 991 victae3
1238 961 1311 994 post

744 1002 878 1032 audaces
896 1002 982 1030 nisus
996 1009 1223 1039 successusque
1241 1000 1310 1040 plu-

744 1050 840 1078 rimos
851 1045 1035 1088 profligatae.
1045 1062 1092 1068 —-
1105 1044 1252 1075 Consiliis
1262 1045 1311 1086 ju-

743 1094 828 1124 venis
857 1104 868 1123 .·
895 1091 1062 1133 prudentia
1088 1090 1308 1130 adolescentis,

743 1151 837 1180 quam
853 1140 1002 1170 virtutem
1013 1160 1021 1175 ‚
1040 1145 1078 1167 ut
1102 1136 1137 1167 ea
1154 1144 1243 1167 aetate
1260 1149 1309 1168 ra-

742 1187 877 1223 riorem,
910 1195 950 1214 ex
978 1182 1133 1214 industria
1154 1193 1311 1214 commen-

744 1232 798 1262 dat
821 1238 918 1262 vates.
942 1230 1018 1262 Vid.
1055 1228 1151 1270 supra
1179 1237 1246 1260 not.
1278 1241 1307 1261 2.

742 1297 788 1301 —
807 1278 893 1318 Quid
906 1287 994 1306 mens
1005 1275 1078 1312 rite,
1100 1275 1178 1316 quid
1188 1275 1310 1306 indoles

742 1324 870 1354 Navita
875 1323 999 1365 faustis
1011 1321 1066 1352 sub
1069 1321 1290 1362 penetralibus
1298 1333 1310 1353 .·

741 1371 861 1401 felicem
887 1369 904 1399 a
925 1368 1038 1399 natur-a
1054 1368 1196 1398 indolem
1215 1370 1309 1401 somi-

741 1424 792 1446 tus
817 1422 882 1446 erat
909 1417 1051 1452 Drusus;
1070 1413 1126 1444 sed
1153 1421 1308 1455 quamam

740 1463 788 1492 illi
804 1461 926 1492 addidit
948 1461 1115 1496 metricum,
1138 1460 1307 1491 educatum

740 1509 835 1539 fuisse
850 1510 885 1539 in
900 1509 1038 1549 Augusti
1054 1507 1170 1548 palatio
1181 1528 1191 1543 ‚
1207 1513 1240 1536 et
1248 1518 1310 1546 pa-

740 1562 846 1585 ternas
855 1555 960 1585 vitrici
969 1554 1019 1584 sui
1031 1564 1121 1584 curas
1126 1554 1287 1594 excepisse
1296 1555 1302 1583 !

739 1601 790 1631 sie
811 1601 893 1631 nihil
920 1607 966 1630 est
995 1601 1028 1630 in
1048 1602 1154 1630 Druso
1176 1599 1308 1630 laudan-

741 1646 816 1676 dum
841 1646 928 1687 quod
946 1646 986 1676 ad
1013 1647 1119 1687 ipsum
1138 1647 1309 1686 Imperato-

740 1704 807 1723 rem
821 1694 930 1723 referri
947 1703 1016 1722 uon
1033 1691 1154 1722 debeat.
1171 1693 1307 1721 —Pue-

741 1749 791 1769 ros
809 1741 953 1770 Nerones
966 1749 977 1768 :
1001 1740 1141 1768 Drusum
1165 1743 1196 1767 et
1213 1737 1308 1768 Tibe-

741 1786 842 1823 rium,
869 1786 998 1815 fratrem
1021 1785 1088 1823 ejus
1110 1789 1189 1814 natu
1215 1784 1310 1822 majo·

741 1842 807 1862 rem
818 1854 826 1869 ,
837 1833 891 1872 qui
905 1831 922 1861 a
938 1829 1071 1872 pueritia
1082 1827 1174 1868 juxta
1186 1829 1308 1871 Augus-

743 1885 815 1921 tuq
827 1878 892 1907 aliti
907 1877 1044 1908 fueram.
1069 1876 1216 1907 Tiberius
1234 1886 1308 1915 qua-

742 1924 861 1954 drimus
878 1931 955 1961 erat,
973 1921 1046 1952 cum
1065 1923 1183 1952 Liviam
1200 1923 1306 1951 Druso

743 1969 903 2011 gravidam
954 1970 1118 2010 Augustus
1171 1978 1305 1997 uxorein

741 2016 846 2047 duxit.

788 2062 820 2094 6.
845 2063 952 2092 Fortes
982 2066 1132 2090 creantur
1143 2058 1282 2100 sortibus
1297 2070 1308 2090 :

741 2108 786 2138 sic
809 2106 997 2148 legendum,
1033 2112 1064 2136 et
1095 2105 1307 2145 adjectivum,

742 2153 847 2190 bonis,
866 2153 966 2183 multi)
989 2149 1105 2183 rectius
1130 2162 1203 2182 cum
1221 2151 1309 2192 equis

742 2207 774 2230 et
782 2199 927 2242 juvencis
944 2199 1155 2230 connectitur.
1172 2216 1218 2222 —
1228 2199 1311 2228 Doc-

1360 20 1370 33 μ

1388 507 1404 522 ,2
1394 263 1404 486 saman—*mnan
1398 245 1400 251 -
1361 0 1404 210 ..M

1396 1792 1404 1808 .<
1393 1642 1404 1782 amm-..1—
1396 1618 1404 1631 .ι
1394 1592 1404 1607 .41
1396 1552 1404 1573 ρ..
