1422 2528
559 155 638 187 Lm.
658 156 691 187 v
711 154 800 186 ODE
825 153 884 185 1v.
1023 153 1037 160 ²
1246 186 1253 194 ‚
1290 152 1335 194 9⁵

226 235 244 253 ι»
263 216 535 268 Sediiibusque
555 229 714 268 magnus
732 216 772 253 in
790 214 924 266 primis
942 215 1089 264 Eques,
1301 221 1332 245 1⁵

330 296 346 313 ι»
364 278 520 318 Othone
532 285 772 330 contempto,
788 277 914 315 sedet!

227 358 243 375 »
261 341 366 389 Quid
380 340 516 378 attinet
533 339 549 368 4
564 348 622 377 tot
638 348 763 378 rostra
777 338 935 376 navium
955 336 1064 388 gravi

338 419 354 435 a
367 403 500 440 AErata
517 401 607 439 duci
627 400 800 452 pondere

230 479 246 496 n
263 464 409 500 Contra
425 462 593 500 latrones
611 470 727 513 atque
745 460 924 499 servilem
944 471 1121 507 manum,

338 539 355 558 »
370 525 474 571 Hoc,
493 523 569 561 hoc
588 523 747 562 tribuno
766 521 954 560 militum?
970 536 985 555 »
1304 535 1336 552 ιο

125 666 308 705 Ῑιίἰεε.ᾮ’ἰᾶ.
337 666 435 708 snpra
462 666 525 699 od.
552 669 620 707 ΙΙΙ,
647 680 703 709 27,

127 728 160 756 7.
171 733 219 741 --
232 713 377 756 Appiam
395 713 491 744 viam
504 725 516 745 .·
527 717 578 745 via
596 718 704 758 Appia

123 762 226 797 Romi
273 761 413 792 ducebat
459 762 701 803 Brundusium;

124 810 170 841 sic
200 816 315 841 vocata
343 809 385 839 ab
406 809 519 850 Appio
549 821 635 841 caeco
646 834 655 849 ‚
684 811 702 843 ὲι

124 867 192 900 quo
214 864 312 888 strata
335 855 451 886 fuerat.
464 873 511 880 —-
530 857 703 889 Sedilibus-

123 914 187 946 que
203 903 238 934 in
255 902 369 946 primis
381 913 394 933 .·
408 903 445 933 in
463 904 700 946 amphitheatro

124 950 240 993 (locus
269 957 339 981 erat
359 949 448 981 unde
467 952 700 992 spectabantur

123 997 214 1036 ludi,
251 998 350 1028 variis
399 999 699 1040 contignationibus

124 1051 292 1083 constans,
308 1045 345 1075 in
359 1044 480 1085 quibus
494 1045 606 1076 sedilia
616 1069 625 1084 ‚
643 1047 705 1078 alia

125 1092 195 1123 aliis
212 1093 387 1123 remotiora
409 1098 442 1122 et
455 1091 612 1136 editiora)
631 1105 706 1135 pars

70 1160 83 1169 ,γ
126 1139 252 1170 theatro
273 1139 443 1181 proxima,
467 1141 639 1171 Orchestra
656 1141 704 1172 di-

123 1185 273 1224 cebatur,
301 1185 506 1216 senatoribus
528 1187 702 1228 destinata3

123 1232 254 1265 ordines
271 1233 340 1264 sive
366 1232 483 1275 gradus
506 1235 703 1276 quatuorde-

123 1281 188 1311 cim
200 1280 279 1311 inde
297 1281 384 1311 retro
408 1281 526 1321 positi,
543 1290 634 1313 erant
649 1283 704 1314 ad—

123 1327 203 1365 dicti
225 1327 399 1370 equitibus.
420 1329 538 1359 Lucius
566 1332 704 1362 Roscius

124 1374 224 1414 otho,
240 1374 409 1407 Tribunus
427 1374 543 1415 plebis,
555 1376 626 1418 lege
639 1376 704 1408 lata

124 1431 210 1454 anno
239 1422 282 1453 U.
311 1422 348 1453 C.
378 1421 466 1460 685,
489 1430 635 1455 vetuerat
662 1435 704 1455 ne

124 1470 199 1510 quis
224 1468 342 1511 praeter
365 1469 488 1509 equites
509 1469 546 1500 in
570 1471 609 1501 iis
628 1482 703 1513 qua-

125 1514 308 1547 tuordecim
342 1515 467 1546 sederet
509 1517 698 1558 ordinibus3

124 1558 192 1593 imo
204 1561 313 1593 eadem
327 1561 399 1604 lege
411 1570 543 1594 cautum
553 1565 650 1596 fuisse
659 1577 701 1597 ne

124 1609 198 1655 qnia
211 1609 347 1640 libertus
362 1610 398 1639 in
407 1609 520 1642 iisdem
533 1619 701 1654 spectaret,

171 1744 195 1761 ἱ

758 668 850 699 locus
878 668 937 698 iste
968 664 1098 696 Horatii
1125 662 1337 697 demonstrat.

758 717 780 748 J
784 725 907 746 uvenc.

807 769 838 800 4.
872 759 962 803 Quid
991 757 1128 795 accinet,
1162 764 1224 791 etc.
1242 767 1251 789 :
1278 754 1338 788 cin·

757 817 848 841 tamo
875 814 1031 851 apparatu
1053 802 1185 837 classem
1203 805 1340 835 instrui·

754 868 829 888 mus
850 856 890 887 ad
920 854 1129 886 debellandos
1156 863 1267 883 servos
1305 859 1339 883 et

754 905 890 946 piratas,
911 904 938 933 si
955 901 1102 941 ejusdem
1118 900 1262 931 infamiae
1277 899 1339 930 ho-

754 953 870 989 mines,
886 951 914 981 si
936 949 1046 980 liberti
1063 947 1236 979 servilibus
1253 947 1340 977 notis

753 997 860 1030 adhiic
877 997 998 1034 inusti,
1009 996 1050 1027 ad
1058 1005 1203 1026 summos
1215 993 1340 1024 militiae

758 1045 902 1076 honores
925 1043 1132 1074 evehuntur?
1149 1040 1280 1073 Alludit
1299 1041 1341 1072 ad

759 1094 848 1125 Sexti
862 1090 1007 1132 Pompeii
1023 1090 1204 1121 exercitum
1222 1088 1240 1119 ὲ
1252 1099 1341 1119 man-

759 1141 851 1182 cipiis
862 1147 894 1170 et
908 1138 1020 1180 piratis
1034 1138 1069 1168 in
1084 1138 1257 1167 maximam
1270 1147 1341 1178 par-

758 1194 822 1218 tem
838 1186 1036 1222 conflatum,
1053 1191 1085 1214 et
1109 1183 1151 1214 ad
1173 1194 1270 1224 quem
1290 1183 1342 1214 de-

757 1234 950 1266 bellandum
966 1232 1166 1267 Octavianus
1193 1241 1279 1261 anno
1295 1232 1339 1263 U.

760 1283 797 1314 C.
820 1282 886 1322 718
910 1280 1079 1322 profectus
1097 1286 1154 1310 est.
1166 1279 1340 1308 ——Rostra

759 1329 891 1360 navium
910 1333 1015 1358 cerata
1026 1337 1037 1357 .-
1050 1337 1109 1368 per
1121 1326 1342 1356 inversionem

758 1378 862 1418 poetis
896 1375 1085 1405 familiarem
1096 1395 1106 1410 ,
1133 1384 1193 1414 pro
1202 1387 1216 1411 ,·
1243 1383 1342 1403 naves

758 1423 869 1454 aeraeis
882 1421 992 1452 rostris
1005 1421 1186 1452 instructas.
1197 1437 1245 1443 ——
1257 1420 1339 1450 Gra-

758 1471 788 1502 vi
810 1470 957 1512 pondere
986 1479 998 1498 :
1026 1478 1124 1498 naves
1155 1468 1232 1498 altas
1243 1490 1252 1506 ‚
1285 1477 1339 1497 ea-

755 1529 862 1560 paces,
882 1526 999 1558 magno
1029 1516 1187 1556 remigum
1201 1521 1233 1545 et
1255 1515 1340 1544 mih}

755 1573 826 1596 tum
841 1574 979 1596 numero
993 1569 1150 1593 oneratas.
1161 1563 1210 1592 De
1224 1561 1339 1593 eodem

755 1612 862 1651 bello,
884 1611 950 1643 vid.
977 1610 1060 1641 infra
1083 1611 1143 1647 IX,
1166 1620 1187 1653 9
1219 1616 1251 1640 et
1285 1620 1336 1641 ιο.
