1422 2528
499 93 579 124 Lm.
604 92 652 124 IV
677 91 765 123 ODE
789 88 884 122 xlv.
1267 99 1309 128 71

254 158 395 194 Portus
405 153 647 192 Alexandrea
662 152 845 204 supplex,
1279 159 1313 183 35

304 218 352 256 Et
368 214 730 266 vacuam'patefecit
752 212 899 259 aulam,

199 279 374 316 Fortuna
387 276 509 314 lustro
526 287 715 328 prospera
734 273 850 312 tertio
873 279 901 296 ¹0

198 337 294 376 Belli
309 336 499 376 secundos
520 335 692 374 reddidit
706 335 852 382 exitus,

250 397 500 449 Laudemque
517 406 556 436 et
576 404 754 449 optatum
769 393 939 448 peractis

309 457 486 508 [inperiis
507 456 625 495 decus
646 454 855 506 arrogavit.
1277 463 1311 491 4ο

168 542 178 548 —
201 521 257 557 Te
274 524 301 542 ²¹
318 518 511 557 Cantaber
526 531 605 556 non
628 518 717 556 ante
734 514 939 554 domabilis
952 544 963 563 ‚

199 578 434 630 Medusque,
450 587 489 618 et
508 579 646 626 Indus,
666 587 704 616 te
724 577 914 629 profugus
933 574 1096 626 Scythes

254 641 438 689 Miratur,
458 642 482 679 ὀ
499 641 618 679 tutela
634 653 802 693 praesens

306 703 447 751 Italiae,
467 702 712 754 dominaeque
728 702 880 740 Romae!

197 767 255 804 Te
274 765 439 804 fontium
455 766 522 818 qui
541 766 639 804 celat
659 764 828 816 origines
1277 771 1315 801 4⁵

95 967 146 989 res
158 955 298 988 secunde
313 954 331 987 a
345 955 478 989 Tiberio
493 963 524 988 et
539 955 556 987 ὲ
566 958 676 988 Druso

95 1011 239 1048 peractas
257 1003 298 1035 ad
321 1005 511 1046 Augustum
534 1004 676 1035 referen-

96 1053 153 1084 das
195 1060 279 1090 esse,
308 1051 409 1093 ⁴quod
447 1052 593 1083 victoriae
636 1050 676 1082 de

95 1098 275 1132 Vindelicis
311 1105 482 1140 reportatae
493 1122 502 1137 ,
540 1099 676 1141 egregiae

94 1146 192 1185 licet,
213 1147 250 1177 iu
265 1151 390 1188 partem
409 1146 553 1177 felicium
578 1156 675 1176 even-

95 1200 191 1225 tuum
211 1194 348 1225 veniunt
375 1194 434 1235 qui
453 1194 594 1235 Augusti
615 1193 675 1223 im-

95 1242 223 1284 perium
262 1239 281 1271 a
323 1239 415 1283 capta
457 1239 675 1278 Alexandria,

98 1299 158 1331 per
169 1287 356 1330 quindecim
373 1298 476 1319 anuos
490 1287 677 1318 constanter

96 1335 360 1367 honestaverunt.
371 1353 420 1360 —-
440 1337 511 1377 Quo
522 1334 575 1365 die
588 1346 600 1365 .·
619 1345 679 1365 vo-

98 1381 173 1414 lunt
186 1383 342 1414 nonnulli
353 1383 546 1424 interpretes
558 1382 611 1412 hic
626 1381 678 1423 agi

99 1428 140 1460 de
162 1430 234 1472 ipso
258 1429 492 1462 Alexandrinae
509 1439 677 1471 expugna-

99 1477 198 1508 tionis
228 1478 447 1508 anniversario
476 1476 547 1514 die;
577 1475 683 1514 male,⁴

48 1563 52 1566 .
99 1522 177 1555 cum
208 1523 249 1555 de
273 1522 431 1555 continua
467 1524 678 1554 victoriarum

99 1571 182 1602 serie
211 1571 366 1612 loquatur
388 1578 492 1609 vates,
520 1578 552 1602 et
569 1571 678 1613 ipsum

102 1616 217 1649 contra
238 1617 427 1649 Vindelicos
455 1618 578 1649 bellum
609 1628 678 1649 non

100 1675 168 1696 uno
198 1671 231 1696 et
254 1663 392 1707 praefixo
426 1665 497 1703 die,
525 1665 582 1696 sed
604 1666 678 1707 post

0 1734 1 1741 1
46 1747 50 1752 Δ
100 1712 256 1743 acerrima
269 1712 379 1754 praelia
390 1719 422 1743 et
434 1712 568 1744 biennio
578 1720 679 1744 trans-

37 1754 50 1767 *
74 1796 77 1798 v
98 1765 191 1798 acto,
217 1759 348 1790 tandem
373 1761 590 1802 compositum
608 1759 678 1791 fue-

100 1808 155 1838 rit.
179 1806 295 1838 Malim
315 1806 416 1848 igitur
448 1808 654 1849 interpretari
667 1817 677 1839 :

101 1864 144 1885 ex
153 1864 193 1885 eo
205 1853 257 1885 die
266 1864 348 1896 quo,
362 1854 561 1886 Alexandria
575 1853 679 1897 capta,

101 1900 227 1932 summa
241 1912 351 1932 rerum
362 1902 451 1933 solus
461 1925 470 1940 ,
484 1902 504 1932 ὀ
519 1904 679 1944 Auguste,

102 1949 227 1989 potitus
244 1959 288 1981 es.
303 1965 352 1973 —-
365 1949 587 1980 Alexandrea
605 1960 680 1990 sup-

98 1994 182 2035 plea-
193 2006 204 2026 :
214 1994 301 2039 finge
315 1997 503 2038 mulierem(
514 2003 550 2026 ut
563 1997 681 2038 passim

104 2042 141 2072 in
158 2043 298 2085 antiquis
316 2051 348 2074 et
365 2044 401 2074 in
421 2043 605 2075 recentibus
620 2055 682 2075 nu-

105 2089 304 2121 mismatibus
323 2091 431 2122 videre
461 2090 526 2132 est)
541 2092 682 2132 Augusti

106 2135 242 2176 genibus
254 2137 449 2177 advolutam,
457 2145 489 2169 et
498 2138 558 2180 ipsi
567 2144 683 2180 portus

106 2192 182 2213 suos
195 2189 227 2214 et
240 2185 343 2226 regale
364 2185 520 2227 palatium
537 2186 683 2228 aperien-

60 2236 65 2243 ”
103 2236 181 2263 tem.
191 2248 241 2255 —-·
252 2233 399 2264 Vacuam
412 2233 523 2265 aulam
536 2243 548 2264 :
564 2233 683 2276 regiam

730 955 748 987 a
765 952 933 998 Cleopatra
950 964 1023 996 quae
1031 953 1094 985 sibi
1107 962 1220 985 necem
1238 962 1315 984 eon-

730 1005 886 1042 sciverat,
905 1002 1074 1032 desertam.

781 1060 834 1083 10.
846 1052 959 1081 Lustro
977 1049 1071 1080 tertio
1082 1059 1094 1079 :
1107 1055 1198 1090 capta
1208 1047 1313 1079 fuerat

727 1097 927 1129 Alexandria
969 1107 1055 1127 anno
1080 1097 1121 1127 U.
1149 1097 1186 1128 C.
1227 1101 1291 1134 724
1302 1119 1311 1134 ‚

728 1144 861 1175 finitum
931 1144 1038 1175 autem
1103 1143 1312 1175 Vindelicum

728 1192 854 1223 bellum
870 1215 880 1231 ,
929 1202 1016 1222 anno
1063 1191 1142 1232 739.
1173 1209 1221 1215 —-
1255 1192 1313 1221 Se-

729 1239 853 1270 cundos
879 1238 1022 1269 reddidit
1042 1249 1054 1268 .·
1082 1237 1158 1269 fecit
1177 1248 1313 1281 prospe-

730 1297 783 1317 ros
805 1297 918 1317 omnes
937 1285 1013 1317 belli
1030 1285 1157 1323 exitus,
1179 1297 1247 1316 non
1262 1295 1314 1316 so-

731 1332 822 1372 lum,
843 1333 980 1364 durante
1008 1333 1115 1372 bello,
1143 1333 1314 1364 victoriam

732 1382 796 1411 tuis
810 1381 909 1423 signis
933 1379 1111 1422 affigendo,
1131 1380 1189 1411 sed
1201 1390 1314 1422 paoem

732 1428 906 1470 gloriosam
934 1427 1032 1458 simul
1059 1434 1091 1458 et
1119 1427 1252 1466 utilem,
1277 1429 1314 1459 in

732 1485 830 1517 quam
859 1475 946 1506 bella
970 1474 1126 1513 exibant,
1140 1485 1314 1516 procuran-

731 1522 785 1554 do.
796 1540 844 1546 —
860 1523 1014 1564 Optatam
1031 1522 1128 1554 decus
1141 1533 1153 1552 .·
1164 1522 1314 1564 splendo-

731 1581 800 1601 rem
818 1581 859 1601 ex
869 1572 1016 1601 omnium
1034 1570 1116 1600 votis
1130 1569 1190 1600 tibi
1204 1571 1315 1601 conci-

730 1618 856 1650 liatum.
871 1635 919 1642 —
934 1616 1080 1649 Peractis
1094 1617 1243 1659 Imperiis
1259 1628 1313 1647 ar-

731 1664 857 1708 rogavit
874 1676 885 1696 :
909 1676 1028 1696 novam
1062 1664 1194 1695 laudem
1215 1664 1314 1695 rebus

731 1713 794 1743 sub
816 1719 875 1744 tuo
893 1713 1031 1754 imperio
1049 1711 1186 1743 feliciter
1202 1722 1314 1754 perac-

733 1760 774 1791 tis
788 1759 923 1791 addidit.

785 1818 838 1839 11.
859 1809 904 1838 Te
918 1817 930 1837 .·
959 1806 1077 1848 septies
1099 1805 1185 1838 idem
1206 1812 1255 1843 te,
1277 1807 1312 1836 in

732 1854 875 1896 strophis
903 1853 1113 1895 sequentibus
1142 1854 1311 1895 repetitus-3

714 1900 715 1903 ’
734 1901 751 1932 e
774 1900 872 1943 supra
894 1901 989 1932 dictis
999 1908 1088 1943 patet
1099 1902 1225 1933 Horatii
1234 1911 1313 1931 con.-

734 1949 854 1980 silium.
876 1965 925 1973 —
948 1948 1112 1979 Cantaber
1144 1959 1210 1979 non
1235 1948 1313 1978 ante

734 1995 932 2027 domabilis:
957 1996 997 2027 de
1011 1996 1179 2028 Cantabris
1200 2002 1232 2027 et
1257 2006 1312 2026 eo-

735 2054 809 2073 rum
831 2043 1008 2085 pertinacia
1027 2043 1101 2074 vide
1119 2042 1217 2085 snpra
1228 2043 1312 2081 ,Od.

736 2092 803 2129 111,
834 2091 874 2129 8,
903 2102 966 2129 22,
983 2097 1015 2121 et
1035 2097 1146 2122 notam
1168 2091 1203 2122 in
1228 2090 1261 2121 h.
1289 2090 1312 2121 l.

735 2138 908 2169 -—Medus
923 2149 934 2169 :
959 2138 1113 2176 Parthus,
1131 2145 1169 2168 ut
1183 2138 1312 2179 passim.

735 2203 783 2209 —
794 2185 897 2216 Indus
914 2197 926 2217 .·
945 2186 1058 2217 confer
1070 2183 1182 2227 supra,
1202 2186 1234 2223 1,
1257 2194 1312 2220 12,

739 2233 794 2266 56.
808 2250 858 2257 —
881 2234 910 2264 Ο
935 2233 1037 2266 tutela
1055 2242 1205 2274 praesens
1219 2242 1230 2261 .·
1255 2231 1314 2273 qui
