1422 2528
146 154 209 185 108

518 154 560 193 Q.
584 149 765 183 HORATH
788 150 937 183 FLACCI

347 216 509 263 Ignavus
525 211 724 248 adversum
738 212 870 261 lupos?

248 273 350 321 Quin
370 282 384 296 2
402 274 477 311 huc
492 273 636 315 inanes,
655 272 686 308 si
704 281 823 323 potes,
843 272 957 309 vertis
974 270 1107 316 minas,

350 336 397 370 Et
413 347 472 370 me
485 346 742 372 remorsurum
758 332 877 382 petis?

243 395 359 438 Nam,
373 393 494 442 qualis
513 402 577 430 aut
593 394 798 438 Molossus,
815 399 879 427 aut
895 390 1019 427 fulvus
1034 392 1161 427 Lacon
1179 389 1212 435 3,
1303 396 1317 420 ⁵

349 451 480 487 Amica
493 451 549 487 vis
566 448 799 500 pastoribus,

244 513 362 559 Agam
382 523 450 559 per
467 511 559 547 altas
576 522 666 546 aure
685 508 832 545 sublata
845 508 968 552 nives,

348 571 605 618 Quaecumque
625 566 814 617 praecedet
831 566 922 603 fera.

244 631 326 674 Tu,
345 640 431 665 cum
452 628 617 665 timenda
637 639 728 664 voce
742 625 936 674 complesti
950 637 1099 670 nemus,

347 687 560 736 Projectum
577 687 593 715 4
611 684 783 722 odoraris
799 683 938 720 cibum.
1288 699 1318 715 ι.

246 750 366 794 Cave,
382 759 474 784 cave
491 747 523 782 ⁵!
542 758 704 794 namque
722 745 760 780 in
776 743 892 781 malos
910 742 1138 792 asperrimus

348 808 483 843 Parata
501 805 592 843 tollo
609 815 766 848 comua3

142 1005 251 1028 omnes
259 993 347 1025 extra
358 993 507 1023 familiam
521 993 659 1033 positos,
676 998 707 1022 et

140 1041 264 1084 placide
279 1046 494 1077 transeuntes,
509 1039 708 1068 immerentes

139 1087 238 1131 igitur
262 1087 396 1117 allatret.
407 1102 453 1109 -
466 1085 639 1115 Adversz'am
661 1084 708 1114 Iu-

133 1143 218 1176 pos:
238 1130 387 1163 adversus
415 1131 528 1168 fortes,
558 1130 705 1167 audaces,

140 1180 180 1211 ad
207 1177 454 1220 propulsandam
493 1183 524 1206 et
555 1176 708 1206 ulciscen-

143 1226 215 1257 dam
227 1224 378 1263 injuriam
396 1228 531 1263 paratos.

187 1281 219 1302 α.
245 1269 350 1310 Quin.-
365 1267 422 1299 cur
437 1278 503 1298 non
515 1265 644 1308 potius?
661 1284 707 1290 —

143 1317 215 1347 Hice
231 1326 243 1346 :
262 1317 296 1346 in
316 1326 377 1345 me.
392 1331 438 1339 ——-
450 1313 582 1354 Sipoees
592 1323 603 1342 .-
613 1314 640 1342 si
653 1323 707 1342 au-

141 1362 207 1393 des.
231 1379 279 1386 —-
303 1363 424 1391 Inanes
450 1359 551 1390 vertis
575 1358 706 1388 minas:

140 1410 241 1439 minas
282 1405 393 1448 parum
437 1405 598 1441 efficaces,
629 1415 706 1445 quas

141 1465 201 1496 ego
217 1453 325 1490 rideo,
345 1462 423 1493 quas
450 1462 560 1483 omnes
580 1450 707 1481 honesti

141 1500 365 1543 dedignantur.

189 1547 221 1576 3.
247 1543 359 1586 Qualis
391 1550 449 1572 aut
473 1542 630 1572 Molossus
650 1548 708 1570 aut

133 1590 243 1633 fitlvus
271 1593 381 1620 Lacon
403 1599 415 1618 :
434 1588 628 1618 nobilissima
656 1597 705 1616 ca-

139 1647 219 1668 num
235 1646 366 1677 genera,
382 1644 452 1675 quae
479 1633 590 1664 eodem
609 1632 705 1662 modo

141 1682 312 1722 conjunxit
326 1682 415 1722 Virg.
430 1680 546 1721 Georg.
563 1680 610 1708 111
624 1688 632 1709 :
647 1680 704 1708 Ve-

140 1728 225 1759 loces
259 1729 382 1768 Spartoe
412 1725 551 1762 catulos,
586 1734 705 1754 acrem-

141 1784 202 1814 que
230 1774 413 1804 Molossum.
433 1788 481 1795 —-
507 1770 626 1801 Amica
651 1769 704 1799 vis

136 1819 317 1860 pastoribus
332 1829 343 1847 :
358 1827 493 1858 quorum
517 1817 600 1846 vires
622 1826 703 1845 non-

141 1866 204 1895 nisi
216 1865 249 1894 in
265 1870 428 1905 pastorum
444 1871 637 1904 gregumque
654 1860 705 1890 de-

141 1910 314 1940 fensionem
329 1914 528 1939 exercentur.
539 1909 706 1948 -..Agam

138 1966 198 1996 per
219 1955 306 1985 altas
338 1965 415 1983 aure
445 1949 570 1983 sublata
594 1952 677 1982 nives
693 1962 704 1980 .-

139 2011 197 2042 per
212 2001 444 2041 oppositionem
464 2000 534 2028 cani
552 1998 599 2028 illi
617 1999 703 2037 igna-

140 2056 182 2077 vo
194 2057 288 2088 quem
301 2045 446 2085 depinxit
455 2067 464 2082 ‚
478 2054 543 2074 sese
557 2043 659 2073 nobili
672 2048 703 2072 et

759 991 872 1027 feram,
891 999 1100 1031 quaeeumque
1117 988 1159 1019 sit
1179 994 1211 1019 et
1225 996 1321 1029 quau·

760 1035 878 1067 tumvis
898 1035 1084 1072 metuenda,
1110 1035 1320 1076 persequitur.

757 1101 806 1109 -·-
823 1081 988 1114 Praecedec
1002 1092 1014 1111 :
1030 1088 1137 1123 surget
1156 1079 1228 1111 ame
1253 1090 1320 1117 me,

759 1137 806 1167 et,
835 1128 902 1158 sive
934 1128 1092 1168 ignaviam
1125 1125 1219 1167 fugi,
1253 1125 1319 1155 sive

759 1174 933 1205 ululatibus
955 1174 1148 1203 ferocitatem
1171 1170 1298 1212 prodet.

807 1226 838 1257 4.
867 1219 1045 1260 projectum
1074 1229 1086 1248 .·
1114 1217 1318 1253 vilissimum,

758 1267 844 1297 utin
861 1265 918 1296 illo
944 1265 1083 1306 Virgilii,
1109 1263 1217 1304 Eclog.
1234 1264 1318 1298 VII,

760 1317 801 1349 42
826 1321 834 1342 ε
865 1313 909 1341 Et
930 1308 1079 1351 projeccd
1106 1308 1206 1339 vilior
1218 1305 1318 1350 alga,-

759 1357 824 1388 sive
841 1357 917 1394 tibi,
935 1356 975 1387 ad
999 1354 1154 1389 sedandos
1172 1353 1317 1391 latratus,

758 1402 887 1436 Cerberi
899 1403 1010 1439 instar,
1021 1402 1193 1441 objectum.
1201 1416 1248 1424 ——-
1257 1399 1320 1429 Od-

758 1448 858 1480 orarz's
874 1460 885 1478 .·
899 1444 1077 1489 alle⁸goriam
1092 1446 1249 1484 sustine13
1267 1445 1317 1474 in-

757 1496 906 1536 vestigaS,
933 1492 1168 1534 circumspiciS‚
1196 1492 1222 1521 si
1249 1491 1320 1532 quis

758 1541 817 1572 tibi
835 1540 927 1570 cibus
955 1541 1148 1580 porrigatur.
1163 1536 1216 1567 Ad
1236 1537 1317 1568 Nos·

758 1594 841 1617 trum
868 1586 1007 1626 respexit
1026 1582 1165 1615 Martinl.
1178 1583 1237 1620 lv,
1254 1582 1294 1612 53
1307 1603 1316 1619 ,

759 1633 779 1662 6
795 1641 803 1662 ε
823 1631 880 1661 Cui
893 1631 951 1661 dac
962 1631 1098 1661 latratus
1119 1627 1209 1659 obvia
1226 1627 1316 1658 turba

757 1678 842 1708 cibos
857 1678 935 1707 Esse
952 1683 1049 1717 putas
1075 1674 1246 1715 Cynicum,
1262 1672 1318 1703 de-

756 1730 863 1763 ceptus
889 1722 1031 1764 imagine
1044 1721 1163 1763 falsa;
1182 1729 1246 1750 non
1270 1724 1319 1749 ese

756 1769 807 1800 hic
836 1768 988 1809 Cynicus,
1021 1767 1152 1803 (ἔσηπε,-
1179 1765 1258 1806 quid
1273 1774 1317 1794 er-

753 1827 796 1858 go
810 1819 827 1844 ,³
843 1814 944 1845 canis.

804 1861 834 1890 5.
852 1860 947 1897 Cave,
960 1867 1035 1889 cave
1045 1867 1057 1886 .·
1072 1856 1230 1886 minarum
1252 1855 1317 1884 vim

759 1907 946 1946 repetitione
981 1909 1084 1943 auget.
1112 1917 1160 1925 ·-
1196 1902 1318 1931 Parata

760 1952 836 1981 tollo
855 1960 974 1980 cornua
988 1960 999 1978 .·
1018 1949 1070 1977 hic
1093 1946 1209 1978 deserit
1233 1947 1318 1986 prio-

755 2007 820 2026 rem
847 1996 1024 2036 allegoriam
1051 1993 1219 2029 Horatius,
1245 2001 1318 2031 quae

754 2039 893 2082 primum
920 2040 938 2071 ἐι
970 2040 1131 2080 generosis
1165 2036 1318 2074 canibus,

140 2092 285 2123 venatico
295 2091 366 2120 cani
381 2089 700 2129 assimilat‚qui‚aure
750 2086 839 2117 nunc
869 2087 908 2117 ab
940 2086 1026 2115 iratis
1053 2085 1150 2114 tauris
1174 2082 1314 2112 ducitur.

141 2135 283 2172 sabbatii,
305 2135 393 2177 quod
416 2142 462 2165 est
480 2135 647 2165 alacritatis
671 2139 702 2163 et
752 2135 800 2163 De
815 2131 851 2162 ea
867 2133 1037 2173 imaginum
1058 2130 1093 2159 in
1121 2128 1232 2159 eodem
1248 2137 1315 2158 car-

141 2182 337 2215 fortitudinis
347 2182 382 2212 in
397 2180 527 2212 canibus
537 2179 701 2215 indicium,

754 2179 838 2209 mine
853 2178 1026 2209 mutatione
1045 2174 1119 2206 vide
1134 2184 1204 2216 qua
1221 2171 1315 2214 supra
