1422 2528
505 175 509 178 ’
557 167 693 199 INDEX
719 166 924 199 ODARUM.

134 232 308 272 Persicos
328 232 417 283 odi,
432 247 543 286 puer,
560 243 768 286 apparatus
817 263 827 273 .
888 263 897 272 .
954 262 971 276 .,
1020 262 1029 270 .
1087 262 1096 271 .
1173 235 1210 280 Ι,

132 299 254 346 Petu,
270 299 367 338 nihil
387 313 468 348 me,
488 301 587 340 sicut
606 303 718 340 antea
731 331 742 350 ,
752 295 876 353 juvat.
952 329 961 339 .
1019 328 1029 337 .
1086 329 1096 340 .
1153 303 1212 349 ΙΙ,

131 363 296 415 Phoebe,
312 365 570 418 silvarumque
584 377 722 419 potens
743 366 882 406 Diana.
953 395 962 405 .
1020 395 1029 404 .
1087 395 1096 403 .
1152 369 1190 404 ΙΙ
1200 396 1211 414 ,

130 432 298 473 Phoebus
317 435 509 474 volentem
524 435 656 487 praelia
670 449 731 474 me
749 434 869 487 loqui.
887 462 896 471 .
954 463 963 473 .
1021 463 1030 473 .
1087 465 1096 474 .
1153 437 1210 479 II,

131 499 342 539 Pindarum
362 495 535 554 quisquis
552 503 681 541 studet
697 502 881 541 aemulari.
954 529 963 538 .
1020 530 1028 538 .
1086 532 1095 540 .
1152 504 1211 549 ΙΙ,

129 567 367 607 Poscimur...
388 569 538 620 Siquid
558 570 670 608 vacui
689 569 763 609 sub
784 568 935 608 umbra.
954 597 963 607 .
1022 598 1030 607 .
1089 598 1098 607 .
1173 573 1211 615 Ι,

132 635 232 681 Quae
251 647 344 673 cura
363 638 542 681 Patrum‚
563 649 698 687 quaeve
717 636 958 683 Quiritium..
1018 663 1026 671 .
1086 663 1094 671 .
1151 638 1169 673 Ι
1174 639 1213 681 Ι,

129 701 294 748 Qualem
312 702 532 742 ministrum
546 703 716 741 fulminis
731 703 820 741 alite
948 731 956 739 .
1017 731 1026 740 .
1084 731 1092 738 .
1150 706 1209 749 ΙΙ,

823 716 943 808 aas
964 767 1096 820 dapes.

128 766 295 814 Quando
312 778 511 821 repostum
532 770 742 808 Caecubum
763 769 812 807 ad
1153 772 1211 817 II,

128 835 328 882 Quantum
345 836 460 875 distet
479 836 529 875 ab
545 837 690 875 Inacho
694 864 1096 877 ·······
1172 839 1207 883 I,

126 902 254 948 Quem
278 911 339 950 tu,
356 903 618 954 Melpomene,
634 903 749 942 semel
754 930 1095 942 ......
1152 906 1209 951 11,

129 968 256 1014 Quem
268 968 396 1006 virum
416 978 482 1007 aut
495 969 617 1008 heroa
635 970 721 1020 lyra
733 969 795 1007 vel
811 969 904 1007 acri.
952 998 960 1006 .
1019 998 1026 1006 .
1085 998 1095 1008 .
1170 973 1188 1007 I
1198 999 1208 1017 ‚

125 1032 233 1081 Quid
248 1033 453 1074 bellicosus
473 1034 678 1082 Cantaber,
695 1044 733 1073 et
745 1034 919 1085 Scythes.
949 1063 959 1072 .
1017 1064 1025 1072 .
1085 1065 1093 1072 .
1170 1039 1207 1082 Ι,

127 1099 233 1148 Quid
252 1099 471 1140 dedicatum
491 1101 615 1153 poscit
629 1085 859 1153 Apollinem.
882 1130 891 1139 .
948 1130 958 1137 .
980 1139 984 1141 ,
1017 1129 1026 1138 .
1084 1131 1092 1141 .
1171 1105 1207 1149 Ι,

123 1168 230 1226 Quid
247 1168 334 1216 fles,
354 1168 527 1215 Asterie,
548 1182 664 1220 quem
684 1168 757 1206 tihi
775 1167 942 1206 candidi.
1018 1197 1028 1204 .
1086 1199 1093 1207 .
1168 1171 1205 1215 I,

124 1236 230 1284 Quid
249 1236 495 1275 immerentes
513 1236 689 1288 hospites
712 1249 849 1283 vexas,
867 1235 984 1273 canis.
1011 1266 1020 1274 .
1078 1266 1087 1274 .
1144 1239 1183 1274 II
1197 1266 1206 1284 ,

125 1302 232 1351 Quid
247 1301 319 1340 tibi
332 1303 409 1351 vis,
421 1303 574 1351 mulier,
586 1301 707 1353 nigris
720 1300 943 1352 dignissima
955 1300 1094 1341 barris.
1150 1305 1187 1340 II
1197 1332 1207 1350 ,

125 1368 222 1416 Quis
239 1368 432 1407 desiderio
453 1369 502 1408 sit
516 1368 646 1420 pudor
662 1376 728 1406 aut
746 1367 897 1405 modus.
954 1398 964 1408 .
1020 1397 1029 1405 .
1088 1398 1096 1407 .
1171 1372 1206 1416 Ι,

126 1434 224 1483 Quis
238 1435 360 1473 multa
378 1434 531 1486 gracilis
547 1443 603 1481 te,
619 1447 730 1485 puer,
745 1433 785 1470 in
804 1435 904 1471 rosa.
947 1464 956 1473 .
1014 1463 1024 1473 .
1082 1464 1090 1472 .
1166 1437 1205 1482 1,

126 1500 215 1549 Quo
234 1515 316 1550 me,
339 1502 505 1550 Bacche,
523 1503 628 1554 rapis
649 1500 707 1540 tui
712 1530 1087 1540 .......
1164 1507 1201 1551 Ι,

125 1566 214 1615 Quo
224 1595 237 1614 ,
257 1566 336 1619 quo
347 1596 357 1615 ,
375 1568 541 1616 scelesti,
558 1567 697 1606 ruitis?
713 1576 780 1606 aut
799 1570 870 1606 cur
883 1567 1064 1607 dexteris.
1086 1598 1095 1607 .
1153 1572 1208 1618 ΙΙ,

84 1635 98 1650 ’
127 1638 284 1676 Rectius
301 1637 408 1676 vives
419 1666 430 1686 ‚
446 1636 593 1683 Licini,
608 1650 734 1688 neque
751 1637 882 1675 altum.
941 1666 951 1676 .
1012 1667 1020 1675 .
1077 1668 1086 1676 .
1162 1643 1180 1678 I
1192 1668 1203 1687 ‚

121 1709 277 1758 Rogare
297 1707 413 1758 longo
433 1706 610 1760 putidam
629 1714 667 1744 te
690 1706 844 1744 saeculo.
872 1736 883 1745 .
940 1735 950 1744 .
1008 1737 1016 1746 .
1075 1738 1083 1746 .
1140 1711 1202 1756 ΙΙ,

122 1777 314 1818 Scriberis
333 1777 453 1815 Vario
474 1776 607 1824 sortis,
627 1785 666 1814 et
684 1776 869 1815 hostium.
942 1805 952 1814 .
1011 1807 1020 1815 .
1078 1807 1087 1816 .
1161 1783 1201 1827 Ι,

122 1831 310 1902 Septimi,
326 1846 455 1887 Gades
471 1845 623 1884 aditure
642 1858 792 1884 mecum
800 1875 814 1893 ,
838 1855 888 1885 et.
945 1872 958 1888 ,»
1013 1877 1024 1887 ,
1080 1879 1090 1888 ,
1166 1852 1202 1897 1,

121 1916 185 1961 Sic
203 1924 242 1955 te
264 1914 354 1953 diva
370 1921 507 1967 potens
523 1912 643 1963 Cypri
646 1941 1087 1956 ........
1161 1919 1199 1964 I,

121 1987 294 2028 Solvitur
305 1985 403 2024 acris
416 1984 538 2022 hiems
551 1984 659 2035 grata
668 1983 753 2021 vice
765 1983 868 2022 veris
881 1993 918 2022 et
928 1984 1086 2023 Favoni.
1162 1990 1197 2034 Ι,

119 2059 176 2096 Te
198 2055 315 2095 maris
330 2063 368 2093 et
385 2062 499 2091 terrae
514 2065 754 2103 numeroque
775 2053 938 2092 carentis
952 2066 1090 2093 arenae.
1164 2058 1201 2103 Ι,

123 2129 181 2166 Tu
207 2140 257 2164 ne
279 2124 479 2177 quaesieris
514 2122 634 2175 (scire
657 2122 804 2175 nefasl)
833 2137 948 2175 quem
972 2124 1086 2173 mihi,

177 2205 294 2245 quem
310 2191 394 2231 tibi.
479 2219 1090 2231 ..........
1165 2196 1201 2240 I,

124 2261 326 2314 Tyrrhena
335 2273 470 2313 regum
487 2258 713 2312 progenies,
728 2258 813 2298 tibi.
897 2288 908 2299 .
965 2289 974 2298 .
1032 2291 1042 2301 .
1097 2288 1108 2299 .
1164 2265 1201 2307 I,

256 2329 309 2366 II.
631 2362 637 2369 ,
1129 2327 1175 2365 15
