1422 2528
485 130 565 162 Lm.
589 129 606 159 1
630 126 792 161 SATIRA
816 126 876 158 IX.

1225 124 1287 161 257

71 205 86 223 α
101 189 293 240 Suaviter,
303 198 347 230 ut
355 193 459 230 nunc
468 199 540 239 est,
549 191 710 242 inquam
719 205 730 237 3
740 198 778 226 et
789 188 908 238 cupio
920 187 1051 225 omnia
1061 182 1288 238 quaevis'0'.»s

69 252 168 290 Cum
187 260 445 291 assectaretur
464 266 473 289 :
495 269 511 285 «
527 254 564 290 N
568 254 633 290 iim
652 249 749 302 quid
765 249 847 287 vis?
866 266 880 282 υ
900 260 1071 299 occupo;
1093 256 1132 286 at
1151 247 1236 292 ille,

71 330 88 348 u
109 313 227 352 Noris
245 327 334 363 uos,
354 314 498 366 iuquit;
521 312 628 352 docti
647 325 782 351 sumus
799 311 824 346 4,
845 327 860 344 >2
882 309 956 348 Hic
972 324 1046 361 ego
1065 324 1072 346 :
1095 328 1112 344 «
1127 308 1252 348 Pluris

71 391 88 410 ο
105 377 210 424 Ηοο,
227 376 404 427 inquam,
423 375 519 414 mihi
536 375 624 414 eris.
641 391 657 408 υ
672 374 818 412 Misere
836 371 850 395 5
869 372 1070 411 discedere
1092 385 1287 423 quaerens,

72 437 138 474 Ire
152 434 270 474 modo
289 436 420 485 ocius,
435 435 636 475 interdum
653 434 868 473 consistere
880 462 891 481 ‚
910 433 951 470 in
968 445 1104 471 aurem

72 496 214 535 Dicere
231 494 364 536 nescio
382 496 477 548 quid
491 509 629 548 puero.
649 498 750 535 cum
765 495 886 533 sudor
903 494 953 532 ad
968 493 1068 531 imos
1259 511 1292 526 ιι»

72 559 252 598 Manaret
267 559 363 597 talos
379 572 389 595 :
406 575 422 593 «
434 560 469 597 O
487 568 524 596 te
536 587 546 605 ‚
567 558 734 602 Bolane,
756 555 910 594 cerebri

73 634 90 652 υ
109 619 276 658 Felicem
289 622 297 657 !
310 636 326 654 »
347 619 498 658 aiebam
519 618 671 657 tacitus.
692 620 791 656 Cum
809 615 1005 668 quidlibet
1023 615 1088 653 ille

73 681 270 730 Gari-iret,
288 680 416 732 vicos,
433 681 572 720 urbem
588 679 784 727 laudaret,
804 687 848 716 ut
862 678 917 715 illi

75 881 155 914 na'm
183 880 332 913 nocitura
353 880 421 918 tibi,
436 880 656 922 pulcherrime

76 940 203 968 rernm,
228 931 268 960 1η
293 928 400 960 medio
424 928 503 960 visu
527 928 659 960 viscera

76 975 326 1019 mptasorene?

106 1046 109 1048 -
126 1025 158 1057 3.
179 1024 339 1059 Suaviter,
365 1031 402 1054 ut
421 1024 507 1055 nime
527 1031 585 1061 ese,
611 1023 659 1054 in-

75 1083 196 1114 quam,
212 1078 246 1103 et
262 1070 356 1114 cupio
372 1071 486 1102 omnia
499 1082 573 1113 quoe
582 1070 636 1102 ‘vis
646 1082 658 1101 :

75 1119 218 1151 formula
256 1118 477 1160 respondendi
510 1125 543 1150 et
574 1119 659 1149 salu-

76 1166 167 1198 tandi
183 1165 385 1204 honorifica;
403 1165 516 1208 gallice
536 1165 659 1197 dicere-

78 1225 151 1246 mus
174 1224 184 1247 :
207 1215 287 1245 Fore
313 1213 403 1251 bien,
427 1224 513 1255 pour
534 1214 566 1244 Ie
591 1224 658 1244 mo-

77 1269 188 1300 ment,
221 1269 256 1293 ee
285 1269 356 1293 tout
383 1261 490 1292 entier
513 1261 536 1291 ὰ
561 1269 660 1292 ‘votre

76 1310 204 1341 service.
226 1326 274 1334 --
305 1308 384 1340 Cam
408 1315 624 1339 asser-caretur
646 1319 658 1338 .·

77 1356 155 1389 cnm
166 1367 200 1388 se
215 1357 296 1388 mihi
308 1357 370 1387 viae
385 1357 537 1386 comitem
548 1355 662 1395 adjun-

76 1411 178 1448 geret.
200 1421 248 1428 -
266 1404 355 1435 Nicm
378 1402 461 1445 quid
474 1403 529 1433 vis
537 1407 554 1433 ,³
572 1414 661 1434 oceu-

72 1463 120 1495 po
143 1463 156 1483 .·
169 1453 273 1494 prior,
292 1452 401 1492 inquit
415 1451 585 1489 Horatius,
599 1450 660 1481 ho-

77 1501 202 1531 minem
229 1499 389 1540 alloquor,
419 1508 493 1528 eum
521 1499 660 1528 interro-

79 1546 188 1590 gando
202 1545 285 1578 num
307 1544 430 1587 aliquid
450 1543 554 1576 officii
572 1544 589 1576 a
609 1555 662 1576 me

79 1600 221 1636 expetat.
245 1594 359 1626 Altera
378 1599 426 1624 est
447 1592 604 1630 formula,
620 1592 662 1623 ab

77 1643 118 1674 iis
129 1642 244 1673 usitata
251 1642 310 1683 qui
316 1642 544 1682 importunum
552 1650 664 1681 quem·

79 1691 167 1732 piam
180 1688 316 1721 honeste
339 1698 472 1719 monere
486 1687 604 1718 volunt
625 1694 663 1719 ut

78 1737 184 1769 abeat.

129 1790 162 1821 4.
187 1782 288 1816 Νόνίε
314 1794 382 1820 nos,
406 1780 495 1813 docti
518 1792 625 1812 sumus
650 1792 663 1814 .-

78 1830 206 1875 plurale
219 1830 303 1863 illud
313 1854 323 1870 ‚
341 1841 412 1868 nos,
428 1829 518 1860 docti
530 1839 638 1859 snmus
646 1852 658 1867 ‚

79 1886 284 1922 arrogantem
315 1878 462 1909 hominis
489 1876 661 1907 stultitiam

78 1929 204 1970 arguit,
239 1927 299 1968 qui
326 1937 360 1957 se
392 1925 561 1956 doctrinae.
577 1923 661 1955 fama

78 1973 166 2017 apud
179 1974 419 2015 nobilissimum
433 1978 561 2015 poetam
575 1981 662 2002 com-

79 2021 228 2060 mendat,
255 2020 300 2052 ita
330 2028 369 2052 ut
395 2031 430 2051 se
454 2019 474 2050 ὲ
506 2019 562 2049 tali
587 2019 660 2050 viro

77 2069 220 2111 ignorari
242 2079 339 2111 posse
362 2067 498 2100 omnino
520 2064 662 2098 diffidat.

79 2134 127 2141 —
142 2115 207 2148 Hic
223 2127 284 2160 ego
301 2127 314 2147 .·
333 2114 402 2147 tum
425 2125 485 2156 ego
500 2124 508 2146 :
525 2113 604 2151 hoc,
621 2124 660 2144 eo

79 2164 232 2203 nomine,
267 2162 313 2194 ob
350 2170 438 2194 tuam
471 2162 659 2199 scientiam,

74 2209 182 2253 pluris
202 2210 282 2242 mihi
295 2210 376 2247 eris,-
392 2218 422 2241 te
444 2209 548 2251 pluris
564 2208 660 2240 facio.

129 2258 160 2290 5.
183 2258 300 2290 Misere
320 2269 332 2288 .·
353 2257 466 2295 anxie,
486 2256 661 2288 vehemen-

713 881 773 912 ter.
796 896 844 905 --
868 881 920 910 Ire
946 879 1043 909 modo
1071 879 1160 909 ocius
1188 890 1199 908 .·
1224 890 1296 921 gra-

711 928 807 970 phice
830 926 884 958 hic
917 926 1072 957 describit
1097 927 1227 963 Noster,
1255 927 1296 956 ad

713 974 810 1018 quam
850 975 953 1004 varias
989 981 1072 1004 artes
1112 973 1299 1015 confugiat.

714 1030 753 1054 ut
773 1023 1003 1063 importunum
1020 1021 1173 1051 asseclam
1190 1022 1299 1063 fugare

713 1071 827 1112 possit.
850 1087 898 1093 —
922 1070 951 1099 0
966 1076 1014 1105 te,
1033 1068 1188 1105 Bollane,
1210 1079 1297 1099 σει-ι

713 1117 764 1148 bri
795 1116 960 1149 Felicem!
993 1116 1085 1146 bunc
1117 1115 1297 1147 Bollanum

714 1163 862 1206 ὀξύχολον
884 1164 982 1194 fuisse
1002 1163 1122 1194 volunt
1138 1165 1299 1205 interpre-

714 1219 782 1250 tes,
801 1211 1017 1248 iracundum,
1047 1217 1211 1252 apertum,
1240 1214 1299 1252 qui

714 1260 820 1291 nullas
840 1259 939 1290 ferret
960 1258 1143 1296 molestias;
1161 1265 1193 1288 et
1214 1260 1241 1288 si
1261 1261 1297 1288 in

713 1307 883 1350 garrulum
897 1306 1038 1347 aliquem
1049 1305 1231 1343 incidisset,
1244 1317 1300 1337 oc—

715 1355 878 1386 casionem
895 1352 1061 1394 extemplo
1082 1353 1296 1395 abrumpens,

714 1402 898 1433 molestiam
928 1406 1108 1432 excuteret.
1144 1402 1299 1432 Horatius

715 1450 794 1480 vero
821 1446 1018 1490 quamquam
1046 1455 1078 1479 et
1104 1449 1175 1489 ipse
1204 1449 1299 1479 irasci

715 1497 836 1535 facilis,
853 1495 952 1537 magis
972 1494 1080 1526 tamen
1099 1506 1168 1526 sese
1190 1495 1298 1527 homi-

715 1555 797 1575 num
830 1542 978 1574 moribus
1009 1542 1294 1581 accommodabat,

715 1590 834 1622 natura
879 1590 1110 1622 verecundior.
1156 1590 1298 1622 Felicem

716 1637 816 1681 igitur
835 1637 957 1669 cerebri
978 1645 1075 1669 vocat
1098 1638 1294 1676 Bellunum,

717 1687 785 1724 cui,
817 1685 907 1728 quod
930 1685 1122 1716 cerebrosus
1142 1686 1203 1723 sit,
1232 1687 1298 1718 tam

715 1733 853 1764 feliciter
877 1732 990 1771 cedat,
1006 1739 1044 1763 ut
1066 1733 1083 1763 a
1103 1733 1239 1775 garrulis
1258 1735 1297 1764 li-

714 1780 860 1813 beretur.
870 1779 919 1811 Ita
929 1780 1115 1812 Turnebus.
1131 1781 1297 1822 Cruquius

702 1827 844 1871 felicem
864 1827 987 1859 cerebri
1000 1826 1066 1858 dici
1079 1826 1200 1865 credit,
1213 1825 1296 1872 βραι-

715 1871 864 1917 δύχῡλον,
885 1875 926 1906 ad
941 1876 1023 1905 iram
1044 1874 1194 1914 tardum,
1214 1876 1298 1907 tole-

715 1930 841 1955 rantem
862 1923 1068 1964 loquacitatis
1091 1932 1100 1954 :
1124 1922 1188 1953 hoc
1209 1924 1297 1955 enim

715 1978 763 2002 est
781 1971 874 2002 fortis
892 1971 992 2000 animi
1011 1977 1044 2000 et
1065 1969 1221 2008 modesti,
1239 1982 1298 2012 pa-

716 2018 834 2050 tienter
858 2017 970 2048 audire
1003 2024 1035 2047 et
1058 2027 1119 2058 pro
1148 2024 1296 2059 tempore

715 2065 928 2097 dissimulare.
948 2066 988 2095 Iu
1012 2064 1152 2106 Cruquii
1170 2072 1296 2096 senten-

715 2114 792 2144 tiam
815 2110 941 2143 facilius
966 2111 1214 2150 descenderem3
1244 2123 1298 2154 pa-

714 2161 860 2192 tientiam
879 2159 967 2190 enim
988 2159 1088 2202 vulgo
1106 2166 1221 2200 optant
1239 2171 1297 2201 po-

714 2207 780 2239 tius
812 2206 911 2249 quam
940 2206 1146 2238 acerbitatem
1178 2207 1236 2246 qui
1262 2218 1296 2237 se

715 2255 755 2287 ab
767 2255 861 2286 istius
874 2253 964 2286 modi
977 2253 1183 2289 hominibus,
1195 2253 1300 2284 aliun-

1130 2304 1200 2345 22'
