1422 2528
202 138 268 170 226

575 142 615 181 Q.
642 141 825 173 nonA‘ru
853 142 1006 175 FLAcm

201 199 243 234 In
263 201 545 236 Mamurrarum
558 198 645 238 lassi
664 200 800 238 deinde
815 201 910 240 urbe
928 202 943 225 ⁶
961 213 1154 240 manemus
1165 230 1176 249 ,

200 260 373 296 Muraena
390 259 582 309 praebente
601 259 774 308 domum,
791 263 973 312 Capitone
991 262 1167 300 culinam.

200 319 357 355 Postera
372 319 438 355 lux
457 319 580 356 oritur
597 319 716 356 multo
729 321 957 370 gratissima3
971 335 1134 373 namque

199 377 345 414 Plotius
363 386 400 415 et
415 378 553 415 Varius
570 379 755 417 Sinuessae
767 381 1023 431 Virgiliusque
1352 393 1383 421 40

201 437 437 484 Occurrunt3
456 439 607 485 animae,
630 440 759 488 quales
779 453 903 490 neque
920 440 1160 478 candidiores

200 498 318 533 Terra
338 496 434 544 tulit,
457 510 580 547 neque
594 497 678 548 quis
698 510 756 535 me
776 499 823 536 sit
843 500 1054 538 devinctior
1067 502 1173 539 alter.

201 558 236 594 Ο
259 557 326 605 qui
341 558 560 607 complexus
578 567 615 595 et
627 558 766 608 gaudia
780 569 920 608 quanta
935 561 1110 600 fuerunt!

199 618 260 654 Nil
280 630 350 667 ego
369 618 595 655 contulerim
605 618 777 668 jucundo
791 632 904 657 sanus
920 621 1053 661 amico.

198 677 376 714 Proxima
390 680 582 727 Campano
602 679 713 715 Ponti
731 685 745 708 7
758 692 842 728 quae
861 680 1012 728 villula,
1026 688 1167 718 tectum
1350 690 1382 720 ⁴⁵

198 737 380 784 Praebuit,
398 745 435 774 et
452 737 632 787 parochi,
653 751 737 788 quae
753 738 912 786 debent,
933 740 1033 790 ligna
1049 741 1248 791 salemque.

198 798 296 835 Hinc
314 796 406 834 muli
424 799 563 846 Capuae
578 797 733 835 clitellas
751 806 921 849 tempore
937 808 1098 850 ponunt.

197 859 341 897 Lusum
355 858 385 895 it
406 860 613 905 Maecenas,
632 857 838 896 dormitum
858 871 928 910 ego
943 859 1224 909 Virgssiusque3

198 1021 272 1051 dani
298 1022 464 1062 municipii
485 1021 631 1063 princeps
654 1025 763 1065 magis-

198 1074 317 1105 tratus,
341 1069 474 1108 accepit.
493 1070 633 1099 Juvnnc.

244 1114 275 1144 6.
287 1115 326 1142 In
339 1115 574 1144 Mamurrarum
585 1115 678 1145 urbe:
688 1116 764 1146 For-

195 1160 265 1189 miis
276 1159 456 1200 (Formies).
466 1162 612 1197 Formiae,
623 1163 763 1191 Formia-

195 1215 267 1235 rum
277 1228 288 1242 ,
324 1205 401 1235 urbs
434 1206 543 1237 Italiae.
570 1209 665 1237 Poeta
695 1209 763 1238 Mra-

194 1261 375 1281 murrarum
390 1251 502 1282 urbem
519 1253 654 1293 appellat
664 1275 672 1290 ‚
688 1251 761 1293 quia

194 1299 366 1327 Mamurrae
375 1320 383 1335 ,
414 1299 492 1328 civis
517 1299 654 1328 Romani
675 1298 760 1328 ditis-

193 1344 281 1381 simi,
296 1350 328 1373 et
339 1344 487 1384 Augusto
503 1345 673 1381 carissimi,
693 1353 759 1373 ma-

191 1389 276 1428 jores
304 1400 345 1419 ex
377 1388 432 1419 illa
455 1390 583 1419 civitate
611 1389 775 1428 oriundi,-

193 1435 335 1466 eamdem
353 1434 410 1465 diu
432 1435 655 1473 obtinuerant,
677 1437 760 1474 ejus-

193 1492 254 1522 que
268 1482 398 1512 fortasse
411 1480 489 1512 time
499 1481 648 1512 dominus
660 1483 686 1511 is
696 1504 705 1519 ‚
721 1482 760 1512 de

192 1538 258 1568 quo
275 1528 328 1558 hic
351 1529 466 1569 agitur,
493 1529 654 1558 Mamurra
683 1535 759 1559 erat.

193 1571 395 1604 —Muraend
423 1574 585 1613 praebente
610 1574 756 1611 domum,

196 1620 352 1660 Capitone
367 1620 509 1650 culinam
535 1631 546 1649 :
564 1622 599 1651 L.
619 1621 759 1651 Licinius

191 1668 294 1697 Varro
310 1668 468 1704 Muraena,
482 1667 578 1696 frater
586 1667 758 1705 Terentiae,

191 1714 302 1743 uxoris
319 1714 520 1751 Maecenatis,
540 1718 660 1743 tectum
682 1723 759 1753 prae-

191 1758 303 1797 hebat;
322 1760 434 1800 Capito
451 1765 597 1799 sumptus
618 1759 653 1789 in
678 1759 758 1788 culi-

191 1815 265 1835 nam
274 1805 392 1835 facieba
397 1812 418 1835 t.
428 1822 473 1828 —-
482 1804 615 1841 Plotius,
629 1807 659 1832 V
657 1804 754 1842 arius,

192 1850 343 1893 Virgilius
354 1862 366 1881 .·
383 1858 445 1881 tres
460 1858 563 1892 poetae
584 1851 755 1882 clarissimi.

191 1913 238 1920 -—-
265 1897 424 1927 Sinuessae
451 1908 463 1927 .·
489 1903 556 1928 erat
577 1897 654 1927 olim
680 1897 756 1927 urbs

191 1942 370 1984 Campaniae
388 1943 505 1973 Italicae
529 1944 694 1980 maritima,
717 1943 756 1973 ad

189 1989 309 2020 radices
324 1991 452 2020 Massici
473 1990 590 2020 montis
601 2012 610 2027 ,
632 1999 756 2020 amoeno

189 2035 224 2065 in
250 2035 322 2065 loco
350 2043 381 2065 et
414 2036 535 2066 salubri
566 2035 647 2065 coelo
678 2036 752 2073 sita;

189 2079 277 2111 nime
301 2082 384 2120 jacet
405 2082 514 2111 excisa
529 2083 564 2111 in
588 2079 643 2110 ora
662 2082 758 2111 maris

188 2126 366 2168 Tyrrheni,
399 2127 457 2158 ubi
483 2137 574 2158 mons
604 2126 758 2157 Massicus

186 2172 323 2210 desinit,
360 2179 391 2203 et
423 2175 490 2212 ejus
521 2173 634 2203 rudera
663 2180 753 2203 vetus

186 2218 289 2250 adhuc
306 2219 462 2251 Sinuessae
482 2230 599 2259 nomen
618 2220 754 2250 retinere

816 1023 980 1054 dicuntur.
1000 1038 1046 1046 —-
1068 1021 1127 1053 Nil
1155 1033 1214 1065 ego
1243 1024 1381 1054 contule-

815 1069 875 1099 rim
881 1069 1025 1110 jucundo
1035 1079 1132 1098 sanus
1141 1068 1244 1099 amico
1255 1080 1266 1099 :
1276 1069 1381 1110 quiim-

815 1114 873 1145 dih
886 1122 974 1146 recto
994 1115 1116 1154 judicio
1131 1114 1317 1157 integraque
1331 1126 1380 1147 ra—

818 1162 903 1191 tione
918 1168 999 1199 utar,
1014 1161 1096 1191 nihil
1112 1161 1191 1191 mihi
1207 1162 1380 1200 jucundius

815 1208 875 1237 erit
884 1206 979 1247 quam
993 1208 1059 1236 veri
1071 1208 1164 1237 amici
1173 1209 1366 1238 consortium
1373 1232 1381 1240 .

862 1263 892 1291 7.
911 1252 1076 1292 Campano
1099 1253 1197 1283 Ponti
1213 1264 1225 1283 .·
1250 1255 1379 1295 Campa-

814 1307 875 1327 nus
903 1300 1008 1335 Pons,
1037 1299 1229 1339 oppidulum
1255 1299 1315 1329 fuit
1344 1301 1379 1330 in

813 1343 920 1373 effidem
934 1343 986 1373 via
1006 1342 1122 1385 Appia.
1138 1362 1182 1367 —-
1203 1344 1344 1376 Paroclzi
1367 1357 1378 1375 :

813 1388 858 1418 sic
884 1389 1081 1420 vocabantur
1107 1390 1188 1420 certi
1214 1390 1378 1430 homines,

813 1435 929 1475 quibus
959 1435 993 1465 id
1017 1437 1158 1466 muneris
1185 1443 1250 1466 erat
1278 1438 1380 1479 imp0‹

813 1482 924 1518 situm,
943 1490 979 1511 ut
993 1482 1102 1523 legatis
1117 1489 1148 1512 et
1161 1483 1342 1514 oratoribus
1360 1483 1377 1514 a

813 1528 935 1568 populo
967 1528 1019 1558 vel
1050 1529 1240 1569 imperatore
1276 1530 1378 1560 missis

812 1573 991 1614 praeberent
1021 1576 1128 1604 omnia
1156 1585 1228 1615 quae
1253 1575 1294 1606 ad
1318 1577 1378 1607 iter

813 1619 979 1650 commode
1003 1619 1183 1650 faciendum
1199 1621 1304 1652 forent
1321 1632 1377 1652 ne-

813 1667 960 1703 cessaria,
978 1667 1071 1696 certis
1093 1667 1128 1696 in
1143 1667 1223 1697 locis
1241 1667 1299 1698 ubi
1321 1670 1376 1700 mi-

811 1710 873 1742 nus
916 1711 1030 1742 idonea
1058 1719 1162 1743 essent
1193 1713 1375 1746 diversoria.

810 1756 968 1801 Πάροχοι,
985 1759 1095 1789 Graeca
1113 1769 1179 1790 vox
1201 1758 1218 1789 a
1243 1756 1374 1803 πὰρέχῶ

809 1804 936 1845 praebeo
951 1804 1058 1845 :quasi
1074 1805 1206 1844 diceres,
1225 1805 1375 1846 praebito-

807 1861 868 1881 res.
891 1851 1033 1892 Copiarii
1050 1851 1146 1882 latine
1167 1852 1374 1883 vocabantur.

808 1898 950 1928 Juvimc.
965 1914 1012 1920 —
1035 1895 1120 1927 Hinc
1138 1897 1218 1928 muli
1230 1909 1242 1928 :
1261 1908 1301 1928 ex
1315 1896 1375 1928 hat>

809 1942 920 1973 villula
935 1944 1029 1974 Ponti
1047 1941 1206 1984 Campano
1228 1943 1374 1985 proxima

809 1989 889 2018 muli
902 1991 1002 2019 nostri
1021 1990 1159 2030 Capuam
1177 1990 1297 2030 usque,
1322 2000 1375 2020 ur-

808 2034 880 2065 bem
900 2036 1078 2076 Campaniae
1091 2035 1270 2076 primariam
1279 2058 1289 2075 ‚
1303 2046 1373 2077 per-

808 2088 980 2119 rexerunt,
1002 2080 1073 2117 ubi,
1100 2081 1254 2119 clitellas,
1285 2081 1318 2113 h.
1345 2091 1372 2113 e.

809 2128 959 2166 sarcinas,
976 2135 1115 2167 tempore
1126 2149 1137 2164 ‚
1150 2127 1182 2158 h.
1197 2139 1225 2159 e.
1245 2135 1374 2167 tempes-

808 2173 873 2203 tive
884 2196 892 2210 ‚
903 2173 974 2203 ante
989 2179 1116 2203 noctem
1125 2195 1133 2211 ,
1146 2173 1371 2214 deposnerunt.

806 2235 853 2245 ·-
866 2218 1015 2262 Nltmque
1022 2216 1092 2261 pila
1101 2219 1194 2261 lippis
1209 2217 1369 2251 inimicum
