1422 2528
142 135 1363 159 mmmmmm-asw-§mmmmmmsmsqnnsmm2sum

401 307 1110 370 PRAEFATIUNCULA.

150 618 359 680 Amnum
394 643 644 696 aggredimur
673 645 981 684 Horatianorum
1005 658 1170 697 operum
1199 656 1349 698 partein
1361 676 1370 693 ,

150 711 297 764 triplici
315 712 446 752 libello
461 723 725 763 constantem,
753 715 970 754 Satirarum
989 715 1154 763 scilicet,
1168 716 1371 764 Epistola-

147 791 234 815 rum
241 806 254 824 ‚
273 788 312 818 et
328 781 437 817 Artis
442 782 629 829 poeticoe,
648 784 884 834 quamquam
897 783 982 835 ipsa
995 785 1072 820 Ars
1079 781 1239 833 poetica
1256 782 1370 822 titulo

147 844 338 894 Epist‘oIoe
364 846 613 896 inscribatur,
640 858 679 887 et
703 851 842 888 revera
874 850 1049 902 epistolae
1074 849 1240 899 formam
1275 851 1370 888 reti—

147 921 249 951 neat.
270 915 363 951 Haec
378 914 537 965 quidem
557 928 647 967 pars
659 944 670 965 ‚
689 918 710 954 ἐι
728 915 853 967 priori
873 916 987 969 longe
1006 916 1202 955 dissimilis
1214 945 1224 964 ,
1247 916 1370 955 multo

148 977 290 1016 minori
306 982 450 1032 pompa
475 981 638 1028 incedit,
667 982 717 1020 ad
740 981 866 1021 minus
894 995 1050 1021 severas
1080 994 1245 1035 poeseos
1266 983 1369 1034 leges

137 1045 351 1098 redigitur,
385 1056 443 1097 et,
467 1057 512 1087 ut
533 1049 617 1101 ipse
641 1049 787 1088 fatetur
812 1051 1022 1098 Horatius,
1046 1051 1219 1087 sermoni
1240 1050 1368 1089 soluto

137 1114 307 1163 propior
319 1123 394 1163 est,
409 1114 527 1166 quam
542 1116 678 1155 stricto
697 1125 736 1155 et
751 1118 954 1155 Musarum
968 1116 1124 1155 illarum
1137 1129 1235 1168 quas
1254 1117 1369 1156 toties

145 1179 310 1219 feliciter
326 1180 524 1220 invocavit
543 1181 722 1234 dignitati
743 1182 1062 1231 accommodat03
1079 1183 1182 1222 unde
1198 1196 1277 1221 non
1296 1183 1369 1222 im-

144 1246 284 1287 merite)
307 1249 437 1287 evenit
456 1256 500 1287 ut
525 1250 548 1286 a
571 1249 707 1301 primis
733 1250 1021 1301 Interpretibus
1048 1258 1125 1288 tres
1150 1250 1207 1287 illi
1235 1259 1368 1301 poste-

143 1314 268 1354 riores
286 1315 378 1355 libri
394 1315 591 1355 communi
607 1330 765 1368 quoque
782 1317 1010 1355 Sermonum
1023 1315 1217 1355 vocabulo
1238 1317 1369 1368 appel-

145 1381 328 1423 larentur.

196 1454 320 1491 Suum
343 1464 414 1490 nos
438 1452 580 1503 cuique
614 1452 898 1504 propriumque
925 1464 1070 1490 nomen
1102 1451 1367 1498 servavimus;

142 1517 207 1557 illa
227 1517 330 1561 enim
345 1519 548 1558 titulorum
561 1519 759 1558 distinctio
773 1518 822 1557 ad
838 1517 1079 1556 luciditatem
1097 1518 1260 1557 multum
1274 1532 1366 1558 con-

141 1585 246 1625 ferre
263 1585 377 1624 nobis
390 1586 473 1625 visa
490 1595 565 1634 est,
585 1587 847 1638 praeterquam
865 1583 974 1636 quod
991 1586 1136 1634 attente
1157 1586 1364 1624 Horatium

140 1652 284 1705 legenti
310 1652 472 1692 cuilibet
499 1652 670 1705 patebit,
701 1665 810 1691 suam
842 1664 1001 1704 quoque
1028 1652 1125 1701 vim,
1159 1653 1364 1705 proprium

143 1718 298 1759 dicendi
314 1733 434 1772 genus
450 1719 570 1759 variis
591 1719 667 1757 illis
681 1718 792 1758 libris
811 1718 950 1768 inesse,
963 1731 1037 1757 nec
1056 1718 1097 1756 in
1111 1731 1189 1757 uno
1206 1733 1364 1771 quoque

141 1787 247 1827 idem
271 1787 391 1826 fuisse
402 1786 569 1826 Horatio
585 1786 852 1839 propositum,
871 1798 960 1824 cum
975 1785 1016 1823 in
1032 1786 1172 1823 Satiris
1187 1786 1283 1825 vitia
1304 1787 1366 1826 vi-

141 1853 340 1906 tiososque
361 1853 558 1906 praecipue
581 1852 778 1899 insectari,
801 1852 843 1890 in
857 1852 1046 1901 Epistol&
1067 1864 1196 1891 mores
1218 1853 1365 1891 amico-

140 1934 229 1961 rum
246 1921 296 1961 ad
313 1930 459 1960 rectam
477 1932 653 1959 normam
667 1932 904 1972 componere
916 1948 927 1966 ,
956 1919 1183 1959 eorumdem
1209 1919 1364 1973 ingenia

140 1987 255 2028 bonis
268 1987 488 2027 litterarum
503 1999 745 2039 poeseosque
764 1985 968 2039 principiis
980 1986 1176 2037 imbuere,
1194 1987 1365 2040 denique

140 2055 183 2094 in
193 2055 456 2106 Anepoeticd
469 2055 554 2107 ipsa
569 2054 663 2094 artis
680 2055 889 2103 elementa,
903 2066 983 2092 non
999 2054 1158 2106 quidem
1169 2054 1363 2094 didactica

142 2121 330 2173 formula,
350 2122 420 2162 sed
437 2120 566 2161 libera
583 2119 862 2160 confabulandi
882 2119 1142 2160 familiaritate
1162 2134 1274 2166 usus,
1296 2120 1360 2159 Pi-

140 2189 302 2231 sonibus
319 2189 448 2230 adhuc
464 2187 657 2227 tironibus
675 2187 830 2227 tradere
846 2186 1056 2227 studuerit.

195 2258 356 2297 Erraret
377 2256 505 2297 tamen
530 2254 618 2307 qui,
639 2268 688 2294 ex
706 2254 862 2294 Horatii
880 2253 1140 2302 confessione,
1157 2254 1361 2294 sublimem

1167 2309 1207 2327 r*

1139 2328 1154 2353 1
1165 2328 1185 2352 a
