1404 2522
390 90 397 112 l

492 230 934 334 ORATIO
984 238 987 240 “

213 480 308 571 ρ,
353 391 794 550 HORATDiI
853 477 1220 547 FLAccl

389 626 552 671 VITA
589 627 670 669 ET
708 624 1031 679 SCRIPTIS,

101 755 240 782 mmm
251 756 427 782 nauum
441 759 463 783 A
477 755 709 783 nocnssmo
717 754 810 781 vmo
823 742 1119 780 EDUARDOA
1133 742 1322 790 ZURCK,

546 817 857 843 JURISCONSULTO
867 833 878 852 ‚

216 879 264 903 ET
283 870 405 905 INTssJR
422 880 588 906 HORATH
607 878 886 904 ANNOTATORES
911 875 1198 902 CELEBERRIMO.

497 987 934 1016 ——Qmw—

98 1097 297 1155 HABENT
321 1113 407 1155 hoc
428 1111 626 1156 florentia
653 1113 854 1171 imperia,
875 1123 918 1155 et
942 1127 1048 1171 pace
1074 1123 1205 1170 atque
1225 1114 1315 1155 otio

93 1178 382 1234 abundantia,
403 1180 480 1222 ubi
502 1191 545 1222 et
562 1180 751 1238 benigne
771 1180 1082 1239 insignioribus
1105 1181 1317 1239 cujusque

94 1247 256 1289 meritis
282 1263 385 1290 suus
405 1249 660 1291 retribuitur
692 1249 855 1303 honos,
882 1259 933 1290 ut
955 1259 997 1291 et
1017 1248 1188 1306 ingenia
1208 1264 1316 1307 pro-

92 1313 254 1358 ducant
278 1315 598 1371 excitatissima,
629 1318 914 1374 omniumque
934 1316 1090 1358 artium
1119 1327 1162 1358 et
1181 1316 1318 1358 facul-

89 1392 227 1437 tatum
255 1382 341 1424 vim
373 1394 416 1424 et
442 1382 700 1427 industriam
727 1383 1027 1426 incredibilem
1059 1384 1104 1424 in
1134 1382 1314 1426 modum

89 1461 330 1507 provocent
364 1462 407 1492 et
437 1464 662 1495 exacuant.
702 1453 846 1494 Taceo
886 1452 939 1493 dc
969 1451 1114 1493 multis
1147 1452 1314 1510 regnis,

90 1517 134 1558 in
171 1517 330 1575 quibus
361 1517 407 1559 id
438 1518 556 1576 quod
590 1519 688 1561 dico
723 1521 824 1562 satis
858 1519 901 1560 in
932 1518 1088 1560 illustri
1120 1519 1312 1576 positum

91 1595 154 1626 est
186 1583 298 1626 loco.
337 1585 468 1627 Mitto
498 1585 747 1629 liberiorem
785 1586 887 1628 olim
927 1585 1102 1628 Graeciae
1133 1595 1312 1640 statum,

88 1666 178 1708 quo
200 1650 387 1709 primum
418 1652 653 1695 eruditioni
680 1670 729 1696 ac
750 1651 984 1707 facundiae,
1013 1653 1135 1710 poesi
1154 1664 1197 1695 et
1220 1654 1315 1712 phi-

87 1716 317 1776 Iosophiae,
353 1720 560 1777 omnique
588 1719 778 1778 denique
810 1719 1029 1778 sapientiae
1057 1719 1177 1776 signa
1205 1721 1312 1762 sub-

87 1783 172 1825 lata
201 1797 325 1838 sunt;
355 1788 435 1828 nec
465 1787 509 1828 in
543 1802 714 1829 causam
749 1785 876 1828 latius
907 1786 1148 1844 inquiram,
1180 1801 1309 1828 num-

89 1849 196 1908 quid
229 1849 431 1910 deinceps
461 1852 707 1895 Alexander
735 1864 778 1895 et
811 1854 893 1896 hac
926 1854 1094 1896 ratione
1124 1856 1310 1915 Magnus

89 1917 171 1960 dici
191 1919 415 1973 meruerit,
438 1919 557 1977 quod
581 1935 816 1978 generosus
837 1921 1005 1962 animus
1027 1922 1163 1979 probe
1183 1923 1311 1966 inte]-

86 1982 268 2039 lexerat‚
291 2001 497 2043 magnum
514 1987 698 2044 imperio
725 1986 878 2042 decus,
904 2003 1104 2046 magnam
1128 1989 1259 2032 rebus
1286 1993 1308 2032 a

88 2066 133 2093 se
159 2052 287 2110 gestis
316 2052 477 2108 lucem,
502 2065 544 2095 et
571 2055 738 2096 nomini
764 2070 843 2096 suo
874 2054 1148 2112 splendorem
1181 2073 1306 2099 acce-

89 2116 190 2160 dere
213 2131 495 2178 perpetuum‚
521 2122 555 2163 si
579 2120 697 2163 domi
714 2134 756 2164 et
775 2122 817 2163 in
839 2122 978 2163 vicina
994 2125 1129 2180 porro
1143 2125 1306 2167 Graecia

87 2184 203 2227 bona
227 2185 393 2229 foveret
414 2187 607 2246 ingenia,
640 2201 682 2231 et
708 2190 847 2243 foras,
875 2189 1032 2232 multos
1056 2202 1204 2248 poetas
1237 2207 1306 2233 re-

87 2267 272 2312 rumque
299 2266 516 2313 gestarum
546 2257 778 2317 scriptores
810 2273 956 2302 secum
987 2257 1204 2302 educeret.
1238 2260 1306 2303 Ne
