1422 2528
190 107 255 138 208

569 111 610 151 Q.
638 87 820 144 nomm
843 114 995 151 FLACCI

191 166 367 216 Optimus
387 175 442 203 est
461 166 693 216 modulator-3
714 179 756 208 ut
773 155 930 210 Alfenus
951 168 1068 221 vafer{
1088 173 1192 212 omni

1323 181 1371 207 130

189 225 349 276 Abjecto
366 226 615 265 instrumento
635 231 746 277 arfis,
765 232 968 282 clausaque
990 233 1163 280 taberna,

188 289 305 324 Sutor
318 295 398 323 erat
409 301 419 333 ;
437 286 585 335 sapiens
607 290 734 338 operis
752 289 806 328 sic
825 293 991 342 optimus
1009 294 1130 331 omnis

188 349 254 383 Est
273 347 421 396 opifex,
442 346 543 383 solus
561 345 613 384 sic
631 361 709 386 rex.
725 371 778 378 —
794 352 945 388 Vellunt
965 352 1035 389 tibi
1054 351 1212 390 barbam

188 407 336 444 Lascivi
350 406 460 456 pueri
476 415 522 452 ¹⁹,
541 420 637 456 quos
654 417 695 445 tu
708 408 781 447 nisi
798 410 895 448 fuste
910 424 1082 460 coerces,

187 467 345 516 Urgeris
365 465 477 503 turbzi
491 465 634 504 circum
654 476 690 506 te
704 478 843 516 stante,
866 471 1056 522 miserque

1286 495 1291 505 ε
1321 480 1368 505 135

186 525 388 575 Rumpe—ris
408 533 445 562 et
463 526 588 571 latras,
607 539 830 577 magnorum
846 531 1008 568 maxime
1029 545 1172 582 regum.

185 586 242 622 Ne
262 585 415 634 longum
435 584 584 631 faciam,
603 586 692 624 dum
711 597 751 625 tu
771 589 979 638 quadrante
996 592 1164 628 lavatum

185 647 269 683 Rex
288 644 379 691 ibis,
398 658 520 694 neque
538 654 574 682 te
591 647 791 696 quisquam
805 649 978 699 stipator,
994 651 1166 701 ineptum

184 704 324 741 Praeter
340 704 573 754 Crispinum,
588 706 810 755 sectabitur,
829 718 866 746 et
885 709 977 746 mihi
997 709 1146 757 dulces,

1331 708 1378 737 ,ῳ

183 767 399 814 Ignoscent‚
416 764 447 802 si
467 765 558 814 quid
577 779 786 815 peccavero
802 769 949 814 stultus,
970 770 1098 817 amici3
1323 780 1369 807 140

183 826 303 875 Inque
320 825 440 862 vicem
456 824 607 863 illorum
626 828 749 876 patiar
764 828 900 866 delicta
921 829 1096 877 libenter,

182 886 432 935 privatusque
446 884 562 935 magis
580 887 705 925 vivam
722 897 758 926 te
775 903 862 940 rege
879 889 1026 928 beatus.

179 1039 223 1070 lio
234 1039 344 1077 Sardo,
354 1050 448 1080 quem
456 1040 490 1070 in
499 1041 601 1070 satirae
610 1043 749 1083 superio-

180 1087 222 1116 ris
237 1087 347 1116 limine
364 1092 526 1115 mortuum
541 1087 686 1128 legimus,
702 1107 749 1114 —-

178 1132 318 1173 Alfenus
333 1143 343 1162 .·
354 1132 443 1162 ante&
456 1139 563 1170 sutor,
581 1134 686 1173 poste&
697 1137 748 1174 ju-

178 1177 386 1208 risconsultus
397 1198 405 1213 ‚
419 1179 530 1206 Romae
545 1179 746 1217 clm-issimus,

179 1224 305 1255 Catullo
328 1223 533 1252 amicissimus
550 1230 581 1252 et
597 1225 746 1265 Virgilio.

229 1281 280 1311 19.
300 1270 432 1300 Vellunt
448 1268 504 1298 tibi
518 1268 651 1300 barbam
670 1273 747 1300 Las-

177 1316 238 1347 civi
258 1316 354 1356 pueri
377 1327 388 1346 .·
407 1315 507 1356 qualis
536 1327 608 1352 rex,
640 1317 746 1357 inquit

177 1363 302 1399 Noster,
325 1363 379 1402 qui
398 1362 470 1392 talia
487 1361 503 1391 ἐι
528 1362 745 1394 nebulonibus

177 1409 244 1451 pati
264 1409 405 1449 cogitur!
429 1406 540 1436 irridet
569 1408 746 1439 stoicorum

177 1455 370 1496 superbiam.
385 1471 430 1477 -—
453 1454 618 1494 Rumperis
643 1463 675 1485 et
697 1456 746 1486 la-

176 1508 243 1532 tras
256 1512 267 1531 :
279 1511 395 1542 pueros
409 1501 480 1530 illos
493 1501 667 1532 allatraudo
683 1513 747 1534 vox

177 1553 232 1578 tua
254 1548 428 1587 rumpitur.
444 1564 491 1570 -
516 1547 599 1576 Dian
617 1556 649 1578 cu
665 1559 745 1590 qua-

177 1592 293 1624 drante
309 1594 448 1623 lavatum
468 1594 539 1623 Rex
561 1593 617 1623 ibis
637 1605 647 1624 .-
668 1594 745 1625 ridi-

135 1635 137 1637 *
177 1639 284 1670 culum
303 1646 349 1670 est
374 1650 405 1670 se
428 1650 533 1681 regem
554 1640 745 1680 praedicare,

801 1050 832 1074 et
846 1044 958 1075 balnea
971 1044 1058 1075 adire
1073 1045 1190 1086 quibus
1199 1055 1364 1087 pauperes,

800 1101 860 1131 pro
887 1091 1001 1133 exiguai
1028 1090 1172 1130 menetai,
1203 1102 1264 1133 pro
1289 1102 1366 1132 qua-

800 1136 929 1175 drame,
955 1138 987 1169 h.
1014 1149 1054 1176 e.,
1075 1149 1135 1179 pro
1157 1135 1268 1178 quai-ui
1291 1139 1367 1168 assis

799 1187 888 1220 parte
906 1182 1051 1209 lavamur
1067 1194 1071 1215 ς
1085 1183 1214 1220 gallice,
1226 1191 1312 1221 pour
1322 1193 1366 1214 un

800 1225 914 1266 liard).
933 1243 980 1249 -
991 1227 1138 1265 Ineptum
1152 1227 1273 1266 praete’r
1289 1228 1366 1259 Cris-

793 1272 910 1312 pinum
929 1283 941 1301 :
962 1271 1046 1301 idem
1069 1272 1122 1302 ille
1138 1279 1185 1303 est
1200 1273 1366 1315 Crispinus

797 1318 837 1348 de
855 1329 919 1358 quo
934 1317 1046 1358 supra,
1064 1320 1155 1353 Satir.
1172 1321 1186 1349 1
1197 1341 1206 1357 ‚
1230 1330 1304 1352 120.
1319 1337 1367 1346 —-

800 1364 835 1394 Si
853 1364 933 1405 quid
948 1375 1122 1404 peccavero
1144 1365 1256 1396 seuleus
1275 1377 1288 1396 .·
1308 1377 1366 1408 per

798 1410 1059 1451 imprudentiam,
1090 1418 1146 1442 aut
1167 1410 1273 1452 potius
1301 1415 1366 1444 iro>—

799 1457 870 1487 nice
882 1479 890 1493 ‚
910 1464 942 1487 et
960 1457 999 1487 ad
1018 1458 1133 1488 stoic'os
1148 1464 1292 1498 spectans
1310 1461 1365 1500 qui

799 1504 850 1533 vel
863 1503 1018 1533 levissime
1034 1504 1256 1545 delinquentes
1265 1526 1273 1542 ,
1287 1505 1366 1536 stul-

800 1556 848 1579 tos
866 1549 1236 1592 appellabant.——Magis
1250 1552 1365 1593 :junge

800 1606 873 1626 cum
907 1596 1040 1634 beatns;
1075 1597 1198 1627 felicior
1220 1603 1250 1628 te
1273 1608 1364 1640 rege,

800 1642 839 1672 ad
852 1643 1026 1673 stoicorum
1042 1642 1220 1675 formulam.
