1422 2528
161 155 223 176 100

1031 0 1051 7 v
1058 0 1222 18 ‹fv-ww

537 151 577 188 Q.
602 150 784 180 HORATII
810 151 835 181 F
835 151 959 183 LACCI

364 205 529 241 Inemori
542 207 756 254 spectaculo
769 235 780 253 ,

258 263 352 298 cum
367 263 596 310 promineret
610 277 696 309 ore,
712 268 894 314 quantum
910 275 1058 306 exstant
1072 272 1170 319 aquai
1301 280 1334 306 35

364 323 552 371 Suspensa
567 332 693 360 mento
713 336 895 374 corpora3

258 382 420 417 Exsucta
441 379 495 416 uti
514 382 691 428 medulla,
715 391 752 420 et
770 384 920 423 aridum
934 387 1046 436 jecur

359 441 509 476 Amoris
529 449 624 477 esset
644 443 841 491 poculum,

255 498 500 534 Interminato
519 502 605 535 cum
620 501 733 537 semel
755 502 837 539 fixae
852 503 941 541 cibo

356 555 608 593 Intabuissent
628 559 793 608 pupulae.
1298 577 1330 604 40

252 617 337 652 Non
357 616 520 653 defuisse
537 620 710 654 masculae
728 618 895 656 libidinis

353 677 628 715 Ariminensem
648 679 790 715 Foliam
810 681 824 702 ⁶

143 876 259 917 spatio,
283 875 371 916 quod
393 876 522 916 quidem
546 878 707 909 enecando

142 922 260 952 tenello
293 922 486 952 adolescenti
508 922 705 964 sufficiebat,

141 967 310 1009 quodque,
327 979 392 1009 prae
412 968 566 1009 supplicii
583 970 705 1000 violen-

142 1012 200 1051 tia,
238 1014 389 1055 longum,
420 1015 485 1044 imo
518 1017 705 1046 immensum

90 1091 97 1094 ,
142 1059 245 1089 videri
259 1067 393 1100 poterat.
407 1077 453 1084 —
471 1059 528 1090 Bis
546 1062 627 1092 terve
641 1073 706 1092 mu-

143 1112 220 1135 tatoe
238 1106 333 1147 dapis
347 1106 486 1136 [nemori
505 1109 685 1148 spectaculo
694 1119 706 1138 .·

141 1151 239 1181 fames
269 1152 355 1182 enim
395 1153 510 1182 miselli
543 1155 636 1194 pueri
667 1155 704 1184 εὸ

140 1196 243 1227 aex-ihs
275 1198 485 1235 excitabatur,
502 1199 590 1239 quod
621 1199 704 1236 cibi,

140 1243 257 1283 quibus
270 1245 355 1274 vesci
364 1244 515 1284 nequibat
523 1266 532 1281 ,
541 1245 710 1285 saepissime

140 1290 255 1318 mutati
270 1289 407 1319 fuerant.
423 1306 471 1314 --
491 1289 568 1318 Ciam
587 1291 709 1328 promi-

141 1341 230 1364 neret
258 1344 353 1369 aure,
390 1334 546 1373 quantam
579 1341 710 1364 exstant

142 1377 232 1420 aqud
247 1381 410 1420 Suspensa
425 1387 530 1409 mento
547 1389 682 1420 corpora
694 1391 707 1411 .-

140 1424 214 1456 cum
229 1436 310 1466 puer
319 1427 353 1455 in
366 1431 480 1455 terram
494 1426 632 1455 infossus
642 1433 707 1456 tan-

140 1469 209 1501 tum
228 1472 330 1511 capite
347 1477 480 1509 extaret,
499 1469 656 1511 qnantum
665 1483 705 1502 ex

138 1516 218 1557 aqua
257 1523 365 1547 extare
401 1517 504 1548 solent
527 1519 705 1547 natantium

139 1572 288 1602 eorpora;
308 1563 343 1593 hi
369 1564 454 1592 enim
476 1570 584 1593 mento
611 1562 702 1593 tenus

138 1608 199 1637 sub
217 1607 297 1648 aqna
313 1615 390 1638 sunt
411 1615 442 1638 et
466 1609 555 1649 quasi
570 1619 702 1649 suspen·

132 1653 269 1684 duntur.
285 1653 418 1684 -‘Uci.·
432 1661 479 1685 ut.
495 1671 542 1678 ·-
558 1655 702 1684 Exsucta

137 1699 279 1730 medulla
300 1711 311 1730 :
343 1700 414 1737 alii,
446 1707 574 1730 exsecta
583 1712 597 1736 ;
627 1701 698 1737 alii,

137 1753 249 1774 exerta
264 1746 393 1786 legunt;
411 1746 464 1775 alii
477 1746 630 1785 denique,
647 1756 701 1776 ex-

134 1801 228 1820 succa
239 1803 252 1826 ‚·
288 1791 396 1821 malim
441 1802 515 1822 cum
558 1793 695 1828 Faerno,

133 1836 286 1867 Lambino
295 1859 305 1874 ‚
318 1838 481 1875 Dacierio,
498 1844 530 1867 et
540 1839 562 1868 J
564 1839 700 1868 uvencio

133 1883 235 1924 legere
259 1889 409 1919 exsucta,
437 1882 470 1914 h.
493 1894 520 1913 e.
544 1885 698 1913 exsiccata

133 1934 165 1958 et
182 1938 344 1966 arescens,
373 1929 417 1958 ob
442 1929 555 1959 famem
580 1937 612 1958 et
633 1929 697 1959 cibi

133 1975 237 2015 negati
262 1976 497 2014 appetentiam,
528 1981 558 2004 et
586 1974 696 2005 eodem

130 2030 224 2049 sensu
237 2019 378 2060 intellige
395 2020 519 2050 aridum
529 2020 632 2061 jecur.
649 2038 694 2045 —·

133 2065 210 2095 Cion
238 2065 337 2095 semel
349 2076 361 2095 .·
384 2066 441 2096 nbi
470 2064 629 2106 primum,
655 2077 693 2097 eo

127 2111 198 2151 ipso
213 2118 393 2149 momento,
411 2122 476 2152 quo
487 2134 496 2149 ‚
509 2119 570 2142 etc.
580 2129 628 2136 -
641 2112 692 2142 In-

126 2157 296 2187 terminato
311 2156 380 2186 cibo
398 2168 410 2186 :
431 2157 529 2188 vetito
552 2163 583 2187 et
597 2159 691 2188 inter-

125 2201 229 2242 dicto;
257 2202 459 2234 interminari
475 2204 578 2234 activo
595 2214 690 2234 sensu

759 879 924 920 accipitur,
948 878 1021 910 chm
1045 883 1173 922 proprie
1194 884 1253 922 sit,
1272 895 1327 915 ve-

759 932 824 955 tare
848 925 1000 956 minando
1021 937 1062 956 ne
1083 928 1163 967 qnid
1180 927 1246 960 fiat.
1274 931 1326 962 Sic

758 972 926 1001 Terentius
945 973 980 1001 in
1004 971 1133 1002 Andrid
1149 984 1161 1004 .·
1176 976 1324 1007 Intermi-

759 1024 853 1046 natus
875 1027 943 1047 snm
963 1028 1004 1048 ne
1010 1018 1143 1058 faceres
1149 1031 1163 1056 ;
1177 1021 1253 1052 mim
1269 1032 1326 1052 ve·

758 1063 834 1093 ritus
845 1066 861 1092 .)
871 1063 970 1093 Porro
981 1066 1122 1105 supponi
1130 1065 1224 1097 debet
1236 1067 1325 1098 eibos

757 1108 801 1138 ita
813 1108 862 1139 ori
877 1110 1043 1140 miserrimi
1060 1110 1208 1150 infamis,
1218 1114 1254 1143 in
1266 1119 1326 1143 ter-

758 1164 825 1184 ram
839 1162 945 1185 mento
954 1154 1044 1185 tenus
1055 1156 1172 1188 defossi
1180 1158 1324 1190 admotos

757 1199 853 1230 fuisse
863 1223 872 1238 ,
897 1207 949 1238 ut,
976 1200 1144 1232 deficiente
1169 1213 1324 1234 mannum

762 1245 899 1282 auxilio,
915 1257 969 1276 eos
987 1247 1091 1277 tamen
1107 1246 1260 1279 dentibus
1277 1259 1324 1278 ar-

760 1292 863 1329 ripere
886 1291 1050 1330 potuisset‚
1067 1292 1103 1321 ni
1121 1294 1224 1324 Furiae
1243 1304 1325 1334 prae-

759 1341 862 1364 sentes
876 1335 1044 1365 horrendis
1058 1338 1153 1367 minis
1165 1338 1258 1369 inum
1272 1339 1326 1370 de-

759 1381 945 1411 terruissent
953 1403 961 1418 ,
975 1383 1010 1411 in
1025 1381 1082 1412 illo
1092 1383 1165 1414 vere
1174 1386 1324 1416 Tartareo

758 1426 916 1466 supplicio
926 1426 1035 1467 dignas
1047 1438 1170 1459 sorores
1183 1430 1323 1462 imitatae.

758 1472 935 1513 Epuloeque
950 1480 1027 1502 ante
1042 1483 1100 1503 ora
1113 1482 1242 1514 par-acce
1259 1478 1321 1507 Re-

754 1517 850 1560 gifico
864 1519 943 1548 luxu
951 1529 964 1554 ;
982 1518 1149 1550 Furiarum
1175 1521 1322 1552 maxima

749 1562 850 1603 juxct'z
867 1563 1028 1600 Amabat,
1049 1572 1080 1595 ee
1095 1565 1240 1596 manibus
1247 1577 1322 1608 pro·

754 1607 838 1638 hibet
845 1609 1028 1650 contingere
1041 1621 1186 1648 mensas,
1199 1614 1320 1643 Exsur-

751 1653 862 1695 gitque
863 1654 978 1694 facem
994 1657 1156 1694 attollens,
1166 1665 1262 1699 atque
1273 1658 1320 1689 in-

754 1706 847 1730 tonat
871 1711 935 1732 ore.
959 1718 1004 1724 --
1021 1703 1234 1734 Incubuissene
1254 1715 1318 1744 pu·

748 1746 837 1784 puloe
852 1757 863 1776 .·
878 1753 1000 1777 certum
1016 1749 1128 1778 mortis
1143 1748 1298 1779 indicium
1308 1773 1317 1787 ,

753 1790 826 1821 cum
836 1792 1003 1822 oculorum
1013 1794 1093 1823 acies
1105 1795 1316 1835 extinguitur.

807 1838 839 1868 6.
877 1838 1118 1870 Ariminensem
1159 1839 1284 1870 Foliam
1302 1851 1314 1870 .·

752 1883 875 1913 tertiam
893 1890 924 1914 et
938 1884 1082 1915 ultimam
1102 1885 1242 1917 Canidiae
1256 1885 1311 1916 ad-

751 1930 943 1966 ministram,
955 1930 1074 1960 Foliam
1097 1941 1138 1961 ex
1158 1931 1309 1962 Arimino

750 1974 762 2014 (
773 1974 877 2012 hodie,
888 1975 1006 2006 Rimini
1013 1975 1025 2017 )
1038 1976 1178 2006 Umbriae
1192 1977 1312 2017 oppido

748 2027 866 2057 ortam,
881 2031 966 2061 quae,
991 2028 1028 2051 ut
1051 2021 1167 2052 scelera
1190 2022 1313 2053 sceleri-

746 2065 808 2095 bus
835 2066 1026 2103 cumularet,
1063 2066 1208 2098 mascula
1243 2068 1311 2098 libi-

745 2111 821 2140 dine
836 2113 870 2141 iu
879 2112 1009 2142 feminas
1024 2113 1148 2153 agebat,
1163 2113 1253 2154 qnod
1267 2115 1311 2144 vi-

744 2158 825 2186 tium
847 2156 974 2187 nonita
996 2158 1098 2188 multo
1121 2165 1196 2199 post
1213 2158 1308 2190 divus

743 2203 856 2234 Paulus
881 2204 1029 2235 Romanis
1049 2204 1236 2236 mulieriboe
1254 2215 1307 2236 ve-

1227 0 1298 25 «ZTJP'
1324 0 1340 5 “”
1355 0 1364 14 '5
1379 0 1422 18 1-
