1422 2528
144 74 185 103 52
527 79 567 118 Q.
593 79 775 111 nomm
788 67 946 124 „ruem

142 134 208 178 Et,
228 145 312 182 quae
331 146 432 170 nunc
448 134 616 173 humeris
634 137 852 185 involitant‚
871 140 1080 179 deciderint
1099 155 1216 182 comae
1235 153 1267 192 ²,

142 195 252 229 Nunc
268 201 306 230 et
324 193 390 243 qui
410 195 515 232 color
533 203 590 232 est
603 199 773 247 puniceae
793 199 888 237 flore
906 201 1012 250 prior
1032 206 1150 249 rosae,

138 254 329 299 Mutatus,
352 254 579 304 Ligurinum
596 256 635 292 in
658 257 971 303 faciemyerterit
991 261 1203 312 hispidam;
1314 273 1327 297 5

145 398 234 429 sunt3
251 393 286 421 in
310 391 372 422 hoc
394 391 478 422 enim
506 393 580 424 loco
605 394 709 424 nulla-

147 437 238 468 tenus
260 437 299 467 de
317 445 496 475 senectute,
524 439 579 469 sed
605 439 644 469 de
671 440 707 471 ea

141 490 231 514 aetate
254 485 359 524 agitur
382 494 468 524 quae,
489 485 707 516 adolescentiae

141 531 304 571 proxima,
339 530 521 561 virilitatem
559 533 705 573 attingit',

142 587 200 606 nec
215 575 280 614 jam
304 575 477 606 alliciendis
495 578 703 616 amatoribus,

140 633 264 652 summo
285 633 458 662 puerorum
473 624 608 654 istorum
626 624 707 654 desi-

139 668 228 699 derio
245 675 278 698 et
299 668 421 705 dolori,
435 669 549 699 idonea
562 677 618 700 est.
632 672 706 701 Non

142 714 206 745 tiun
229 725 348 751 seram,
382 714 444 744 tam
475 716 640 754 inutilem,
675 723 708 747 ct

140 761 204 802 qua
216 760 381 802 nunquam
391 762 457 802 ipse
467 760 532 800 jam
547 763 706 803 quinqua-

141 808 287 849 genarius
311 807 467 837 fruiturus
484 815 578 844 esset,
609 809 705 853 ultio-

141 864 215 889 nem
243 853 382 883 minatur
415 855 577 884 Horatius.
607 855 707 885 Porro

141 899 252 930 molles
296 906 327 930 et
366 899 537 930 effeminati
570 901 705 941 puelluli

140 956 207 976 non
221 946 318 986 magis
327 953 450 987 tempus
459 945 540 976 illud
548 957 612 986 quo
627 957 708 977 ama-

140 999 224 1025 tores
249 992 400 1033 fugantur
421 991 705 1031 exhorrescebant,

139 1037 235 1080 quam
250 1039 398 1068 mulieres
411 1049 545 1079 quarum
561 1050 594 1069 se
608 1049 705 1069 aemu-

137 1085 186 1115 los
199 1084 329 1125 indigne
343 1085 570 1125 praeferebant,
585 1092 706 1116 aetatem

137 1131 223 1161 illam
248 1132 361 1160 timent
379 1130 435 1160 ubi
456 1131 604 1172 legitimis
619 1136 704 1162 a'mo-

138 1177 228 1207 ribus
255 1176 493 1207 valefflcendum
519 1184 575 1208 est.
603 1178 705 1208 Barba
727 1204 729 1206 .

137 1224 243 1254 autem
252 1230 478 1260 succrescente,
491 1230 646 1254 amatores
654 1225 703 1255 fu-

136 1277 222 1311 gatos
234 1269 330 1300 fuisse
344 1270 519 1300 innumeris
534 1277 702 1311 poetarum

137 1322 363 1356 oratorumque
389 1317 554 1357 utriusque
585 1317 702 1358 linguae

135 1363 324 1392 testimoniis
333 1360 550 1400 confirmatur,
561 1362 577 1393 ὲ
585 1363 702 1403 quibus

137 1408 204 1439 duo
241 1406 367 1449 tantum
402 1407 518 1439 referre
553 1408 700 1441 sufficiat.

136 1455 305 1492 Martialis,
327 1456 359 1491 Ι,
374 1455 437 1492 32»,
451 1455 469 1485 5
481 1477 490 1492 ,
504 1455 542 1486 dc
557 1455 702 1497 Encolpo

134 1501 329 1532 centurionis
370 1501 533 1540 eujusdam
560 1503 676 1533 amasio
694 1512 702 1533 ε

139 1548 224 1578 Diam
240 1544 331 1578 mallii
347 1547 448 1578 teneri
464 1548 594 1579 sordent
611 1549 704 1579 Ianu-

131 1593 211 1635 gt‘ne
237 1594 358 1622 vulcus.
378 1595 494 1623 Statius
519 1595 558 1622 dc
582 1596 699 1624 Earino

135 1638 275 1680 spadone
317 1637 491 1668 infamibus
525 1640 702 1671 Domitiani

136 1684 355 1726 voluptatibus
381 1686 593 1722 inserviente,
613 1687 701 1728 Sylv.

131 1734 180 1763 111
190 1755 199 1770 ,
218 1737 249 1769 4,
266 1732 328 1762 66:
348 1730 432 1761 Olim
442 1731 538 1762 etiam
549 1743 590 1762 ne
597 1733 705 1773 prima

131 1788 232 1820 genas
253 1778 375 1820 lanugo
385 1777 521 1807 nitentes
540 1779 703 1819 Carpat-et,

133 1832 166 1855 et
175 1823 441 1866 priscoefitscaret
446 1825 702 1866 gandiasormae.

177 1870 250 1903 Jam
268 1870 346 1901 vero
362 1870 443 1901 nihil
464 1878 510 1900 est
525 1872 611 1912 quod
633 1883 699 1903 vox

132 1918 185 1948 illa
196 1940 205 1956 ‚
215 1917 329 1959 pluma
348 1926 408 1958 pro
416 1916 518 1958 prima
534 1918 589 1948 illa
608 1919 699 1948 lanu-

131 1965 203 2006 gine
216 1970 344 2004 accepta
353 1985 362 2001 ‚
371 1963 527 2004 legentem
538 1963 698 1995 tantillum

132 2017 276 2041 moretur
289 2019 297 2040 ε
310 2017 347 2040 ut
367 2010 451 2040 enim
471 2011 578 2040 avium
602 2011 698 2052 pullis

131 2055 237 2087 adhuc
258 2056 469 2097 implumibus
489 2057 696 2099 lanuginem,

131 2103 177 2133 sic
193 2114 251 2145 per
272 2102 511 2133 similitudinem
531 2103 699 2144 quamdam

131 2151 238 2190 pueris
259 2149 459 2180 imberhibns
474 2150 624 2191 plumam
645 2161 698 2182 ve-

758 397 829 427 nire
851 396 957 428 dicere
978 398 1054 438 quid
1070 400 1178 429 vetat?
1197 399 1307 431 Graeci
1319 425 1327 439 ‚

758 442 822 472 una
830 442 1002 484 eademque
1012 455 1101 482 voce,
1110 442 1218 484 πτίλα,
1226 445 1327 488 dupli-

762 499 829 518 cem
854 489 941 519 hunc
964 501 1092 520 censum
1112 492 1329 532 complectun-

757 540 821 566 tur.
847 536 913 566 Cur
939 536 1043 566 autem
1061 537 1168 577 pluma
1193 537 1246 568 illa
1276 538 1325 568 in-

759 588 888 620 sperata
900 583 1053 612 vocatur?
1065 582 1163 623 Quod
1177 594 1328 625 superve-

758 626 878 656 niendo
891 637 979 668 spem
994 628 1072 658 fallit
1090 628 1235 659 mollium
1253 630 1325 661 illo-

759 682 831 702 rum
840 673 1035 704 cinaedornm
1047 674 1104 714 qui
1117 681 1240 706 aeternae
1252 687 1333 717 pue-

759 719 856 755 ritiae‚
875 729 942 750 non
959 719 1063 750 dicam
1082 719 1253 760 honorem,
1271 722 1325 752 sed

760 763 899 794 fructum
933 765 995 796 sibi
1025 766 1162 806 polliciti
1188 767 1325 800 fuerant.

759 810 910 841 Bai-batos
928 822 961 841 se
977 812 1152 852 praevidere
1169 821 1322 851 renuunt.

761 857 906 896 Sperare-
928 857 1013 887 idem
1051 859 1221 899 saepissime
1245 860 1326 891 valet

759 912 796 932 ac
819 903 941 941 timere,
969 905 1055 934 utin
1079 905 1245 936 notissimo
1267 906 1325 937 illo

759 950 850 990 Virg.
879 949 1003 980 AEneid.
1035 951 1092 988 Iv,
1121 955 1189 992 419
1206 961 1215 983 ε
1230 953 1323 983 Hunc

759 1006 818 1037 ego
836 995 866 1025 si
874 996 969 1036 potui
982 1003 1108 1027 tantum
1122 1008 1252 1039 sperare
1268 999 1324 1028 do-

758 1042 855 1072 lorem
866 1065 877 1079 ,
899 1042 988 1082 quod
1011 1042 1142 1075 feliciter
1159 1044 1326 1075 aemulatus

758 1094 804 1118 est
818 1089 984 1126 flaminius,
996 1088 1152 1121 Androm.
1165 1089 1259 1121 scena
1275 1091 1323 1120 ul-

758 1133 833 1163 tima
849 1143 857 1164 :
878 1132 982 1164 Grdce
994 1145 1036 1164 au
1052 1134 1133 1172 ciel,
1151 1147 1227 1167 mon
1242 1137 1323 1167 mal-

756 1179 836 1210 heur
842 1191 939 1220 passe
960 1191 1035 1210 mon
1059 1181 1229 1221 espdrcmce
1239 1184 1254 1212 Ι

803 1237 835 1257 2.
853 1228 898 1256 Ec
905 1237 976 1267 qua·
989 1228 1075 1257 nime
1089 1226 1229 1260 humeris
1239 1227 1325 1259 ἰπνο-

755 1273 849 1303 litant
868 1273 1046 1303 deciderint
1061 1284 1162 1305 comae
1173 1285 1184 1304 :
1199 1273 1324 1304 decide-

755 1319 821 1349 rint
854 1329 920 1349 non
947 1325 1111 1350 senectute
1136 1319 1223 1362 (vid.
1251 1326 1323 1351 not.

754 1363 924 1407 praeced.),
939 1365 995 1395 scd
1014 1367 1232 1397 Romanorum
1249 1367 1323 1396 nni-

754 1421 846 1441 verso
859 1421 948 1441 more
958 1434 966 1449 ,
981 1401 1171 1454 apudffquos
1187 1412 1247 1444 soli
1259 1413 1322 1443 im—

754 1457 891 1498 puberes
915 1467 1037 1488 comam
1059 1458 1200 1496 alebant,
1221 1458 1322 1500 pube-

755 1514 804 1533 res
832 1502 909 1533 vero
940 1503 1169 1536 tondebantur.
1199 1503 1321 1536 Verum

756 1549 882 1580 delicati
910 1560 946 1579 ac
971 1550 1082 1580 molles
1105 1551 1224 1590 majore
1246 1551 1322 1582 cura

753 1601 785 1626 et
810 1593 931 1626 diutins
955 1596 1086 1638 capillos
1108 1596 1268 1637 profluere
1283 1599 1322 1629 si-

753 1641 889 1679 nebant,
904 1647 941 1671 nt
962 1642 1143 1673 virilitatem
1152 1665 1161 1681 2
1175 1643 1220 1674 sic
1233 1644 1318 1675 enim

756 1688 876 1719 Plinius
899 1688 1054 1729 loquitur,
1079 1689 1272 1731 effugerent,
1290 1698 1323 1722 et

757 1734 818 1764 sibi
841 1735 966 1774 pumice
987 1735 1118 1765 barbam
1145 1737 1320 1778 exstirpare

757 1780 973 1818 conabantur;
983 1780 1070 1812 unde
1080 1782 1217 1814 Martini.
1228 1785 1319 1822 xtV,

758 1827 841 1858 205:
858 1826 906 1856 Sic
921 1827 1010 1857 nobis
1030 1834 1127 1858 aetate
1145 1839 1230 1870 puer
1251 1839 1318 1860 non

748 1873 876 1914 pumice
889 1873 983 1905 laevis.
994 1890 1041 1898 —-
1050 1873 1144 1904 Mane
1158 1882 1190 1905 et
1201 1874 1259 1916 qui
1267 1886 1318 1906 co-

751 1920 801 1949 lor
823 1927 896 1950 est:
919 1921 966 1950 sic
987 1926 1136 1950 construe
1159 1931 1168 1953 :
1195 1928 1227 1952 et
1241 1920 1316 1952 ciun

751 1966 842 1996 color
856 1966 912 2007 qui
926 1976 1016 1997 nnnc
1030 1973 1078 1997 est
1088 1966 1158 1997 ros-³1
1175 1967 1317 2009 splendi-

751 2012 832 2043 dior.
858 2029 904 2036 —-
927 2009 1089 2055 Punicae:
1103 2023 1182 2044 rosoe
1205 2025 1218 2045 .·
1237 2025 1317 2045 rosae

751 2069 822 2100 quae
832 2058 870 2089 ad
880 2059 1110 2090 vividissimum
1120 2061 1232 2102 punici
1241 2061 1316 2092 mali

750 2105 802 2135 vel
829 2107 949 2147 granati
963 2105 1021 2147 (Ia
1035 2106 1202 2148 grenade)
1215 2107 1315 2138 rubo-

750 2162 817 2182 rem
833 2153 944 2193 vergit.
956 2169 1002 2176 -
1023 2151 1203 2195 Ligurinum
1217 2151 1317 2196 infa-
