1422 2528
701 88 717 99 κ

183 137 250 168 224

576 137 618 176 Q.
642 134 825 167 nomm
849 133 1001 168 rmum

183 190 342 238 Jamque
361 188 440 227 dies
457 190 604 238 aderat,
618 192 671 228 nil
684 194 770 229 cum
783 191 991 241 procedere
1008 190 1159 229 lintrem
1191 202 1194 208 ·
1331 207 1376 225 20-

186 249 399 296 Sentimus3
421 250 541 288 donec
560 251 782 289 cerebrosus
797 251 946 302 prosilit
963 261 1060 287 unus
1073 277 1086 297 ,

187 311 242 346 Ac
260 310 371 346 mulae
390 319 589 360 nautaeque
607 320 722 362 caput
739 310 965 361 lumbosque
979 310 1124 360 saligno

187 370 300 406 Fuste
319 368 435 407 dolat.
456 372 600 417 Quarta
617 371 682 408 vix
694 371 846 408 demum
861 370 1088 420 exponimur
1106 368 1213 407 hors.

187 429 266 464 Ora
283 441 491 479 manusque
510 431 575 466 tua
597 431 774 476 lavimus,
797 430 973 476 Feronia,
992 429 1148 480 lympha
1163 429 1191 467 4.

237 487 358 523 Millia
374 495 453 524 tum
470 489 595 538 pransi
616 489 687 526 tria
706 489 893 538 repimus,
914 497 1027 537 atque
1045 487 1215 527 subimus
1338 495 1370 521 2⁵

186 547 409 596 Impositum
426 549 524 586 saxis
544 549 617 586 late
633 548 882 586 candentibus
895 551 1043 586 Anxur.

186 609 272 644 Huc
289 617 472 646 venturus
488 618 570 647 erat
588 612 793 657 Maecenas,
811 610 977 660 optimus
994 617 1108 659 atque

186 667 386 714 Cocceius,
403 667 508 705 missi
525 669 669 718 magnis
683 669 730 706 de
750 668 865 705 rebus
885 678 1047 718 uterque

186 725 334 775 Legati,
350 738 500 764 aversos
514 728 614 764 soliti
627 740 858 777 componere
874 728 1029 765 amicos.

187 781 260 822 Hic
279 785 397 822 oculis
410 798 480 836 ego
499 786 608 836 nigra
621 787 714 826 meis
729 786 887 836 collyria
902 785 917 809 ⁵
937 787 1062 837 lippus
1245 828 1251 834 ,
1341 794 1372 820 30

189 963 396 995 Cerebrosus:
413 975 498 995 unus
518 966 536 996 ὸ
555 966 750 1005 viatoribus,

186 1011 237 1039 cui
247 1011 412 1041 cerebrum
427 1011 516 1041 facile
531 1013 751 1044 incalescebat.

186 1073 233 1079 -—
245 1056 381 1098 Saligno
395 1059 486 1087 Fusee
497 1058 589 1088 dolat
602 1070 613 1088 .·
628 1059 750 1095 dolare,

185 1108 232 1132 est
253 1102 379 1143 proprie
399 1103 547 1141 dolabrai,
565 1104 691 1145 lignarii
708 1115 754 1134 ar-

185 1146 276 1178 tificii
286 1150 500 1180 instrumento
510 1172 518 1185 ‚
533 1151 733 1190 complanare
741 1173 750 1188 ,

183 1194 296 1234 polire.
318 1212 366 1218 —-
383 1194 505 1236 Quartd
523 1193 602 1225 bord
616 1207 627 1226 :
641 1194 752 1237 quarta

185 1241 224 1270 ab
251 1248 325 1271 ortu
353 1241 447 1277 solis,
480 1252 550 1282 quae
582 1242 754 1283 respondet

184 1286 274 1317 horae
298 1286 384 1328 apud
411 1298 470 1318 nos
496 1288 625 1318 decimae
654 1296 753 1319 matu-

185 1333 272 1364 tinae.
295 1350 342 1357 --
359 1334 565 1374 Exponimur
579 1345 591 1364 .·
610 1336 645 1364 in
662 1335 752 1365 littus

184 1379 418 1411 descendimus.

232 1432 264 1462 4.
296 1426 362 1456 Ora
388 1436 564 1467 manusque
594 1424 651 1456 ἰιιᾶ
673 1426 752 1457 lavi-

187 1481 270 1507 mus,
298 1472 455 1509 Feronia,
486 1470 615 1513 lymphd
639 1484 650 1502 :
672 1473 750 1502 lavi—

183 1527 274 1556 mu5‚
299 1519 335 1548 in
361 1520 509 1560 praesenti
533 1526 693 1560 tempore,
710 1519 750 1550 ab

185 1565 316 1604 antiquo
346 1565 464 1602 verbo,
493 1566 612 1600 lavere,
650 1566 747 1603 lavis,

184 1610 273 1646 lavo,
300 1617 338 1640 ut
358 1610 422 1650 jam
443 1611 539 1652 supra
553 1611 615 1642 Od.
631 1612 690 1649 IV,
708 1612 746 1649 6,

187 1656 249 1694 26,
274 1655 406 1694 Phoebe,
434 1657 490 1698 qui
512 1657 645 1688 Xantho
671 1657 750 1688 lavis

185 1713 283 1734 amne
309 1703 422 1734 crines.
449 1705 566 1734 Fontes
590 1705 749 1734 existima-

185 1748 302 1780 bantur
343 1751 440 1788 sacri,
492 1757 541 1788 et,
590 1750 749 1791 religionis

183 1795 295 1833 causa,
327 1794 493 1837 nunquam
526 1795 696 1826 adibantur
733 1796 750 1826 a

183 1842 376 1880 viatoribus,
390 1843 468 1883 quin
481 1843 529 1872 illi
545 1853 656 1872 eorum
670 1843 750 1883 lym-

185 1887 256 1928 phis
283 1899 349 1918 sese
375 1895 642 1930 aspergerent.—
657 1890 750 1919 Fero-

186 1934 242 1964 nia
268 1945 279 1964 :
298 1934 356 1965 dea
377 1935 521 1975 quaedam
545 1942 629 1971 erat,
649 1933 666 1964 a
684 1945 748 1964 ser-

185 1980 231 2010 vis
260 1981 452 2021 praesertim,
491 1980 562 2011 cum
603 1981 748 2011 libertate

184 2025 396 2065 donabantur,
415 2027 477 2057 coli
503 2028 612 2065 solita,
629 2027 747 2065 eadem,

185 2078 221 2103 ut
235 2074 385 2104 nonnulli
399 2081 544 2111 censent,
561 2084 634 2103 cum
649 2075 671 2104 J
673 2084 749 2104 uno-

184 2129 240 2158 ne,
267 2130 338 2160 quae
364 2120 453 2160 virgo
471 2120 646 2150 dicebatur.
665 2121 749 2150 Fons

182 2165 230 2195 illi
245 2176 332 2196 sacer
347 2171 379 2196 et
390 2166 496 2205 lucus,
519 2166 664 2207 aedesque
674 2189 682 2203 ‚
696 2176 748 2196 eo-

176 2208 254 2242 ‘dem
267 2213 470 2254 cognomine,
484 2213 666 2244 visebantur
678 2222 749 2254 pro-

803 965 843 1007 pe
859 966 1070 997 Tarracinam.
1089 964 1370 1005 suum—Rem·-

805 1022 873 1042 mus
887 1023 898 1041 :
914 1011 995 1053 aegre
1009 1018 1040 1042 et
1053 1012 1138 1042 lente
1153 1010 1351 1043 ascendimus
1361 1032 1369 1048 ,

805 1056 879 1098 quia
909 1058 1027 1088 Anxur
1055 1058 1159 1087 monti
1185 1057 1371 1098 impositum

805 1110 869 1141 est,
886 1110 917 1132 et
932 1102 1004 1143 quia
1021 1113 1079 1133 nos
1094 1103 1238 1134 recenter
1251 1103 1369 1144 pransi.

802 1166 850 1173 —-
875 1148 1060 1189 Impositum
1090 1149 1180 1179 saxis
1203 1149 1268 1179 lat&
1289 1159 1370 1191 can—

805 1195 950 1225 dentibus
980 1196 1100 1225 Anxur
1120 1206 1132 1225 :
1159 1205 1230 1235 quae
1254 1194 1367 1235 procul

805 1247 957 1282 apparent
978 1240 1021 1271 ob
1037 1240 1224 1278 candorem,
1247 1247 1279 1271 et
1297 1241 1367 1272 alti-

806 1287 959 1318 tudinem.
987 1287 1105 1317 Anxur
1142 1294 1189 1318 est
1214 1286 1369 1328 oppidum

804 1334 918 1371 Italiae,
937 1334 971 1363 in
997 1339 1106 1363 monte
1126 1334 1284 1374 positum,
1310 1334 1368 1365 ubi

804 1381 932 1420 Jupiter
955 1380 1084 1409 nomine
1109 1379 1268 1416 Anxuris,
1303 1381 1370 1411 sive

805 1425 943 1463 Amris,
965 1425 1000 1454 id
1016 1432 1078 1462 est,
1093 1425 1260 1463 imberbis,
1285 1426 1368 1456 cole·-

803 1472 908 1513 batur,
931 1471 950 1501 a
971 1481 1052 1501 voce
1074 1469 1201 1512 graeca,
1218 1481 1240 1502 οι
1256 1472 1368 1511 priva-

803 1518 876 1554 tivo,
902 1524 933 1548 et
949 1514 1051 1560 ξυράω
1063 1539 1072 1555 ,
1091 1517 1190 1554 rado,·
1213 1518 1266 1548 cui
1282 1528 1366 1549 nun-

802 1563 897 1605 quam
915 1563 1014 1594 barba
1035 1563 1168 1595 raditur.
1189 1563 1290 1595 Hodie
1310 1574 1367 1595 vo—

802 1617 906 1646 catur,
960 1610 1145 1642 Terracina.
1192 1610 1366 1642 Geminum

802 1657 898 1687 unius
909 1677 918 1693 ,
945 1655 1148 1697 ejusdemque
1169 1655 1233 1687 loci
1250 1667 1367 1688 nomen

787 1705 789 1709 '
802 1709 995 1732 memoratur
1007 1701 1094 1743 apud
1109 1702 1223 1743 Virgil.
1240 1702 1365 1734 AEneid.

802 1750 866 1779 VII
876 1770 885 1786 ,
903 1759 983 1788 7993
1007 1747 1102 1789 Queis
1113 1747 1238 1789 Jupiter
1251 1750 1366 1779 Anxu-

803 1805 855 1824 rus
887 1794 969 1825 arvis
1000 1794 1170 1832 Praesidec‚
1204 1801 1237 1825 et
1267 1795 1368 1826 viridi

800 1840 948 1882 gaudens
965 1840 1104 1872 Feronia
1122 1841 1203 1872 luco.
1223 1857 1269 1864 -·
1291 1841 1366 1871 Coo-

803 1887 888 1917 ceius
902 1897 914 1916 .·
928 1887 1190 1926 jurisconsultus,
1206 1886 1245 1916 ab
1260 1888 1363 1918 Anto-

801 1933 856 1963 nio
879 1932 918 1962 ad
937 1934 1116 1974 Augustum
1131 1933 1260 1972 missus3
1281 1933 1365 1964 idem
1396 1925 1402 1934 ⁵

799 1980 996 2020 imperatoris
1043 1981 1156 2011 Nervae
1191 1988 1279 2011 avus.
1318 1997 1364 2003 —
1391 1984 1394 1986 “

800 2027 934 2055 Aversos
963 2024 1050 2056 soliti
1071 2034 1259 2065 componere
1285 2026 1365 2057 ami·

802 2082 853 2101 cos
870 2082 882 2102 .·
897 2073 1012 2102 amicos
1025 2071 1212 2102 dissidentes
1226 2072 1364 2104 invicem

801 2118 980 2149 conciliare.

849 2165 879 2196 5.
906 2162 1046 2204 Collyria
1069 2173 1082 2193 .·
1108 2161 1126 2193 a
1147 2173 1223 2195 voce
1246 2163 1362 2205 graece,

801 2209 969 2254 κολλύριον,
984 2209 1085 2241 oculis
1098 2209 1317 2242 laborantibus
1334 2218 1365 2241 et
