1422 2528
179 119 239 150 158
337 139 346 146 ,
555 119 596 158 Q.
621 116 808 148 nomm
830 117 980 150 FLAcct

218 179 335 211 blicola
345 202 356 216 ,
382 178 436 210 ille
461 178 526 219 ipse
550 178 608 219 qui
623 189 713 220 reges
735 178 847 220 ejecit,
875 186 938 209 tres
947 178 1038 223 filios
1058 179 1165 210 morbo
1183 180 1366 213 laborantes

214 244 256 264 ex
273 240 353 262 ‘voto
371 231 548 262 incolumes
567 231 756 272 recepisset,
776 231 852 262 voti
865 242 955 268 reus,
977 233 1067 263 ludos
1080 233 1224 273 publicos
1239 234 1364 276 primus

214 285 372 323 Ιὶιηάανίι,
390 296 453 315 uno
470 296 595 326 quoque
609 285 726 316 saeculo
738 285 848 326 elapso
862 285 975 326 postea
990 286 1206 318 celebrandos.
1225 281 1285 318 Cui
1294 288 1369 318 reli-

215 340 310 384 gioni
333 339 508 381 numquam
529 342 632 370 Roma
657 338 759 381 defuit
766 351 780 376 ;
791 339 895 380 primi
914 339 998 370 enim
1018 341 1170 371 celebrati
1182 349 1256 371 sunt
1276 353 1363 372 anno

220 397 258 425 U.
278 393 312 425 C.
327 394 414 434 2983
433 393 586 430 secundi,
602 403 690 423 anno
709 393 792 431 4085
807 392 911 430 tertii,
932 404 1017 424 anno
1035 395 1119 433 517;
1139 394 1255 435 quarti,
1274 407 1361 427 anno

216 448 283 477 626
293 459 301 485 ;
313 445 427 488 quinti,
447 447 586 488 denique
601 447 641 476 de
651 446 764 487 quibus
780 445 831 476 hic
846 446 962 489 agitur,
979 458 1066 477 anno
1082 449 1148 486 736
1157 470 1168 484 ,
1184 448 1363 489 imperante

216 504 378 543 Auguste,
409 501 527 531 Furnio
553 508 585 531 et
609 500 724 531 Silano
746 502 830 532 Coss.
853 501 943 531 Unde
972 501 1074 542 liquet
1095 501 1178 532 inter
1202 513 1362 544 quamque

213 557 356 587 ludorum
376 554 574 586 soecularium
590 554 845 592 celebrationem,
856 555 964 585 decem
979 563 1011 586 et
1021 563 1148 586 centum
1169 567 1270 586 annos
1282 568 1359 587 sem-

208 611 270 652 pe'r
287 607 480 648 interficisse-

262 665 339 696 Ciam
360 664 468 694 autem
492 665 653 704 Augustus
677 662 733 692 hos
753 663 844 693 ludos
867 662 1023 694 inusitata
1043 663 1193 694 hactenus
1215 666 1358 709 magnifi-

210 717 317 750 centia
336 718 492 749 celebrari
504 718 626 754 vellet,
650 716 732 748 nihil
750 716 881 748 consilio
893 728 949 748 suo
964 717 1066 760 magis
1083 720 1357 750 accommodatum

209 772 345 814 reperit,
377 771 473 812 quam
496 770 524 800 si
542 770 678 810 hymnus
694 771 727 800 in
751 770 901 800 honorem
916 771 1078 811 Apollinis
1094 779 1127 802 et
1148 772 1266 802 Dianae
1280 783 1355 802 can-

209 826 274 857 tari
286 825 395 855 solitus
407 824 448 854 ab
463 823 602 854 Horatio
617 824 813 855 scriberetur.
826 826 937 854 Iussus
957 825 1030 867 ergo
1046 827 1176 862 Noster,
1195 833 1230 856 ut
1244 826 1276 856 in
1289 826 1357 868 ejus

207 878 280 911 'vitii
293 878 359 921 legi
373 877 497 920 politic,
519 889 648 909 carmen
667 878 752 908 illud
768 878 973 919 conscripsit,
995 879 1011 908 ὲ
1027 890 1090 920 quo
1111 890 1176 910 non
1199 880 1355 911 minorem

209 935 268 966 sibi
288 933 384 975 quam
409 932 484 974 ipsis
502 932 584 963 ludis
605 933 736 963 laudem
760 932 937 974 etfamam
969 933 1176 974 comparavit.
1203 936 1244 964 Se
1263 935 1356 965 totius

207 987 332 1030 imperii
345 986 524 1029 majestati,
549 987 631 1017 orbis
649 986 786 1017 universi
798 986 940 1024 domino,
962 987 1051 1017 Divis
1073 998 1152 1028 quos
1169 987 1356 1018 concinebat

203 1054 338 1086 parem,
368 1041 489 1083 sibique
510 1041 571 1082 ipsi
589 1041 634 1071 ita
657 1041 848 1082 superiorem
860 1040 1029 1083 proestitit,
1050 1049 1086 1071 ut
1103 1052 1234 1072 carmen
1256 1053 1353 1073 saecu-

207 1100 277 1130 lare
301 1096 567 1127 absolutissimum
591 1095 673 1126 inter
690 1093 841 1136 perfecta
863 1095 970 1135 ζγήσιε
990 1105 1124 1136 poeseos
1145 1104 1352 1128 monumenta

199 1152 315 1195 procul
327 1150 421 1181 dubio
437 1157 471 1180 et
479 1149 545 1180 sine
561 1147 772 1180 controversia
785 1155 955 1189 reputetur.

253 1207 304 1236 De
317 1202 516 1245 exsequendi
530 1202 624 1233 modo
638 1210 670 1232 et
685 1201 845 1232 recitandi
861 1201 973 1232 ordine
987 1202 1086 1242 plura
1104 1201 1138 1232 in
1163 1202 1246 1232 notis
1263 1203 1349 1233 exhi-

204 1260 365 1291 bebuntur.
400 1260 501 1288 Unum
526 1265 666 1298 superest
691 1257 779 1298 quod
797 1256 951 1288 dicamus.
979 1256 1031 1293 Si,
1053 1256 1130 1297 pbsc
1145 1263 1191 1287 tot
1209 1258 1346 1294 saecula,

203 1314 333 1345 absente
346 1311 605 1343 caerimoniarum
628 1309 769 1352 pompa,
787 1310 933 1340 cantibus
951 1317 984 1340 et
994 1309 1272 1341 instrumentorum
1286 1323 1350 1342 mu-

204 1369 336 1399 sicomm
352 1365 481 1412 (ma-ilio
499 1365 680 1396 destitutum
690 1388 699 1402 ,
718 1365 783 1395 tam
800 1365 919 1395 blande*
933 1365 1059 1395 auribus
1082 1365 1234 1396 adulatur
1246 1366 1350 1398 adhuc

203 1433 333 1454 carmen
357 1420 572 1451 Horatianum
585 1443 596 1457 ‚
623 1431 686 1461 quo
714 1418 878 1461 religionis
903 1419 1143 1461 ‘voluptatisque
1168 1430 1259 1450 sensu
1273 1431 1347 1462 per-

189 1475 296 1519 fundi
315 1475 501 1512 debuerunt,
528 1474 585 1516 qui
596 1485 711 1517 graves
739 1475 964 1516 elegantesque
989 1485 1099 1504 versus
1123 1484 1166 1504 ex
1193 1474 1346 1507 innocen-

199 1531 276 1562 tium
297 1541 471 1572 puerorum
496 1536 721 1570 costarumque
749 1528 915 1570 virginum
939 1539 993 1559 ore
1014 1528 1151 1558 suaviter
1182 1539 1347 1570 expressos

189 1584 338 1627 feliciter
359 1583 556 1613 hauserunt!
585 1582 680 1624 Cujus
710 1581 837 1622 quidem
866 1582 1044 1622 voluptatis
1072 1581 1246 1624 imaginem
1272 1582 1346 1614 lice't

202 1635 423 1680 imperfectam
439 1636 587 1677 excipere
603 1635 691 1666 nobis
709 1635 813 1671 licuit,
833 1636 902 1665 cum
919 1635 1046 1666 eosdem
1064 1646 1176 1666 versus
1188 1636 1344 1667 recentio-

201 1693 244 1724 ris
264 1691 400 1733 Orphei,
420 1690 592 1721 Plzilidoris
610 1690 748 1726 scilicet,
776 1687 947 1719 harmonici
964 1689 1158 1726 adornatos,
1177 1698 1223 1727 et,
1243 1690 1273 1721 si
1289 1691 1345 1721 mi—

198 1748 254 1778 nias
265 1745 374 1787 puris,
394 1744 586 1777 doctioribus
602 1745 687 1775 certe
703 1743 835 1773 vocibus
849 1743 989 1774 redditos
1005 1742 1181 1775 audivimus
1191 1741 1219 1775 ³.

258 1879 424 1923 PHOEBE,
449 1875 718 1926 sylvarumque
734 1884 867 1928 potens
890 1883 899 1898 ¹
918 1876 1056 1923 Diana,

199 2014 214 2029 ⁴‘
227 2016 324 2054 olim,
342 2017 499 2047 Paschatis
511 2016 717 2057 temporibus,
773 2017 961 2059 specimina,
990 2015 1134 2047 unanimi
1169 2017 1337 2048 astantium

151 2063 293 2094 scenicos
315 2062 407 2101 ludos
432 2073 489 2103 per
514 2070 576 2092 tres
596 2062 719 2093 hebdo-
775 2064 929 2105 applausu
953 2061 1139 2093 audiebatur
1168 2060 1337 2094 Philidoris

153 2108 258 2139 madas
267 2131 276 2146 ‚
290 2109 457 2139 Concenus
473 2110 530 2149 qui
543 2107 722 2149 spirituales
775 2120 901 2140 carmen
915 2109 1074 2140 saeculare.

150 2155 351 2191 diceBantur‚
365 2156 489 2185 Parisiis
501 2155 719 2195 excipiebnuf,
750 2177 779 2202 .
823 2166 851 2187 1.
875 2155 1040 2195 Sylvarum
1061 2162 1180 2196 potens
1194 2166 1206 2186 .·
1221 2162 1258 2185 ut
1283 2166 1335 2186 su-

150 2203 186 2232 in
213 2201 348 2243 quibus,
379 2201 463 2232 imin·
493 2201 551 2231 alia
583 2194 719 2233 musices
771 2201 921 2244 prQOd.
937 2203 1006 2239 111,
1029 2211 1090 2240 αι,
1116 2212 1153 2239 1,
1178 2200 1335 2232 Montium
