1422 2528
160 147 225 167 212

574 141 615 181 Q.
640 137 824 169 nonam
847 135 999 167 FLAcct

159 195 291 243 Usque
311 194 549 242 laborantes,
566 196 656 233 dum
677 195 819 231 ferrum
837 193 982 230 molliat
998 192 1114 243 ignis,
1312 209 1343 225 ιο

163 255 215 289 Ut
232 253 368 301 mavis,
390 255 550 291 imitare.
567 258 704 291 Beatus
723 253 909 299 Fannius,
926 249 1028 288 ultro

160 312 303 349 Delatis
323 314 444 363 capsis
461 322 497 350 et
517 314 677 363 imagine
698 315 728 349 ⁶!
744 315 837 350 Cum
853 324 936 348 mea
951 322 1064 347 nemo

163 373 314 421 Scripta
330 374 447 423 legat,
466 365 581 423 vulgo
599 375 759 411 recitare
776 371 960 417 timentis,
981 369 1030 406 ob
1050 368 1148 406 hanc
1167 381 1246 406 rem
1259 397 1269 416 ‚

163 429 277 477 Quod
296 441 382 468 sunt
397 445 491 480 quos
511 446 628 482 genus
644 433 717 469 hoc
734 430 886 468 minime
895 431 1023 479 juvat,
1041 428 1175 478 utpote
1190 427 1319 478 plures

161 491 316 540 Culpari
329 491 474 541 dignos.
494 496 634 538 Quemx
647 492 678 529 is
695 492 820 529 media
835 491 930 539 elige
945 488 1058 526 turba
1088 496 1120 535 7;
1316 495 1347 519 ²⁵

158 552 236 586 Aut
255 549 305 587 ob
321 551 519 587 avaritiam
530 579 540 597 ,
558 561 622 588 aut
638 553 774 589 miserti
791 548 998 587 ambitione
1013 547 1176 585 laborat.

159 609 231 645 Hic
246 618 450 659 nuptarum
471 610 607 647 insanit
629 610 824 648 amoribus
837 636 847 654 ‚
865 608 929 644 hic
946 619 1180 657 puerorum3

158 671 270 706 Hunc
289 671 390 720 capit
405 671 552 718 argenti
569 670 770 720 splendor;
790 675 918 718 stupet
938 666 1073 703 Albius
1089 678 1189 713 aere;

157 729 230 765 Hic
246 737 365 766 mutat
385 742 528 765 merces
544 739 720 779 surgente
739 731 760 765 Ξι
780 728 858 764 sole
881 725 929 762 ad
948 737 1035 761 eum
1057 737 1133 774 quo

158 789 383 840 Vespertina
397 798 500 839 tepet
516 790 638 839 regi03
654 787 747 839 quin
760 789 830 839 per
844 785 943 824 mala
962 796 1128 834 praeceps
1315 795 1346 818 30

156 957 255 986 Venti
269 956 304 986 in
319 955 449 986 follibus
463 957 606 987 conclusi
625 957 663 987 ad
679 967 724 987 ar-

156 1001 291 1032 bitrium
306 1002 387 1032 fabri
404 1002 621 1033 indesinenter
636 1005 725 1034 emit-

156 1054 280 1085 tuntur,
312 1048 353 1078 ad
381 1048 469 1089 quod
489 1059 569 1088 opus
599 1050 726 1079 nullum

156 1094 321 1136 ingenium
334 1095 517 1135 requiritur.

205 1141 237 1171 6.
253 1142 370 1170 Beatus
390 1139 552 1177 Fannius,
569 1140 649 1170 ultro
664 1142 727 1170 Dc-

158 1186 234 1216 Iact's
254 1186 359 1227 capsis
377 1194 408 1216 ec
421 1185 562 1228 imagine
578 1197 589 1215 .·
609 1197 727 1216 nomeu

158 1239 205 1262 est
219 1239 323 1273 poetae
340 1243 406 1262 non
420 1233 543 1273 optimi.
561 1233 726 1261 Bonorum

156 1285 325 1319 poetarum
336 1280 473 1308 carmina
489 1277 726 1319 reponebantur

156 1325 191 1354 in
218 1324 284 1355 aede
310 1324 469 1365 Apollinis
493 1325 646 1360 Palatini,
672 1330 727 1353 aut

156 1371 192 1400 in
202 1370 349 1409 adjuncta
359 1370 406 1400 illi
416 1368 621 1405 bibliotheca,
631 1380 726 1410 quam

158 1418 320 1458 Augustus
346 1423 563 1453 exstruxerat;
599 1415 645 1444 ibi
676 1426 726 1445 ce-

160 1462 261 1492 drinis
274 1463 387 1493 arculis
405 1469 460 1492 aut
478 1462 668 1502 cupressinis
677 1462 727 1491 in-

159 1509 246 1539 clusa
264 1508 487 1546 servabantur3
510 1508 629 1538 ibidem
647 1508 728 1548 ipso-

157 1565 231 1585 rum
248 1562 359 1585 statuae
383 1561 437 1584 aut
457 1555 607 1595 imagines
630 1553 727 1583 collo-

159 1601 324 1631 cabantur.
360 1601 456 1630 Hunc
487 1600 642 1630 honorem
674 1600 727 1629 isti

158 1648 281 1678 Fannio
307 1648 487 1687 Augustus,
508 1646 559 1676 vel
582 1652 725 1682 senatus,

159 1691 266 1723 minus
307 1694 443 1722 merenti
479 1691 650 1728 detulerat;
693 1691 728 1721 id

159 1739 323 1781 agentibus
340 1738 572 1775 adulatoribus,
589 1738 645 1777 qui
661 1737 727 1775 ejus

158 1785 366 1815 venditabant
380 1785 519 1815 carmina
528 1806 536 1821 .,
550 1783 637 1824 quod
648 1784 727 1821 ejus-

159 1831 231 1861 dem
260 1830 436 1861 haereditati
467 1831 636 1861 inhiarent,
667 1830 688 1859 J
691 1839 727 1859 u-

159 1888 307 1907 vanm—
318 1878 396 1908 Cicm
407 1887 480 1907 mea
492 1887 586 1906 nemo
601 1875 726 1914 Scripta

159 1923 263 1964 legat,
289 1923 390 1964 vulgo
408 1923 540 1953 recitare
558 1921 696 1952 timentis
713 1931 725 1950 :

158 1970 255 2007 seria,
281 1968 396 2010 procul
421 1969 542 2006 dubio,
563 1968 630 1997 haec
655 1977 725 2008 pars

160 2016 342 2056 posterioris
368 2013 494 2054 versfis3
515 2025 587 2055 quae
614 2023 726 2054 praece-

160 2059 260 2099 dunt,
281 2071 367 2091 mera
393 2062 506 2092 ironia.
533 2061 612 2100 Quis
639 2059 724 2089 enim

160 2107 268 2138 credat
303 2108 472 2137 Horatium
508 2108 541 2136 in
575 2112 622 2136 tot
656 2106 723 2135 aliis

158 2154 237 2184 locis
257 2152 493 2194 superbientem
513 2151 592 2182 fama
613 2153 724 2182 carmi·

158 2210 235 2230 num
274 2209 422 2238 snorum,
474 2198 749 2241 gloriantemque.

777 955 864 997 quod
889 961 1081 985 monstretur
1100 952 1200 996 digito
1213 958 1344 992 praeler-

777 1002 936 1038 cuntium,
952 1001 1012 1031 sibi
1022 1000 1065 1031 ita
1081 998 1297 1030 contradicere
1310 1004 1346 1027 ut

778 1058 811 1077 se
835 1047 851 1077 ὁ
874 1058 1006 1078 namma.
1028 1047 1090 1088 legi
1113 1045 1194 1076 serio
1220 1049 1345 1074 asserat.

778 1111 834 1121 —.
845 1093 991 1124 Recicare
1017 1105 1026 1122 :
1049 1094 1084 1122 in
1102 1090 1227 1122 circulis
1244 1096 1276 1120 et
1292 1099 1345 1120 co-

780 1139 847 1169 rium
871 1138 983 1181 magnai
1009 1138 1204 1168 audientium
1227 1135 1345 1166 corona

779 1186 962 1216 declamare.
978 1183 1110 1215 Utinam
1130 1182 1254 1213 Horatii
1268 1191 1346 1222 pru-

779 1231 917 1262 dentiam
927 1233 1126 1260 imitarentur
1138 1227 1266 1269 quidam
1275 1233 1345 1258 aeta-

778 1279 818 1308 tis
844 1284 962 1307 nostrae
983 1282 1084 1317 poetae
1095 1298 1103 1313 ,
1120 1284 1254 1315 operum
1269 1283 1342 1304 suo-

779 1334 851 1353 rum
869 1323 1049 1353 recitatores
1068 1320 1191 1353 acerbi,
1211 1329 1291 1360 quos
1309 1326 1345 1349 ut

779 1371 929 1400 Horatius
953 1370 990 1398 in
1006 1367 1071 1398 fine
1089 1367 1177 1398 Artis
1193 1366 1344 1407 poeticae,

779 1416 824 1446 sic
846 1415 1030 1452 Molierius‚
1059 1415 1202 1444 Femmes
1229 1421 1344 1443 savan-

780 1469 838 1498 tes,
865 1468 926 1492 act.
955 1462 1022 1497 ΙΙΙ,
1049 1469 1092 1490 sc.
1124 1459 1161 1496 5,
1190 1456 1254 1488 tam
1275 1467 1345 1500 gra-

780 1508 874 1548 phice
899 1507 1114 1547 depinxerunt
1139 1513 1147 1535 ι
1167 1505 1208 1534 Le
1234 1502 1347 1545 desaue

779 1553 835 1583 des
857 1560 984 1583 auteurs
1006 1551 1090 1582 dans
1109 1550 1192 1581 leurs
1209 1549 1345 1590 produc-

779 1599 877 1636 tiores,
892 1606 952 1629 eto.
1135 1625 1140 1629 r

828 1657 858 1684 7.
873 1642 1017 1686 Quemvis
1027 1640 1135 1673 medic‘z'
1143 1641 1225 1683 elige
1233 1639 1324 1672 tunbd
1332 1652 1343 1671 :

780 1691 882 1728 aliter,
902 1701 986 1721 erue.
1002 1706 1049 1713 —
1066 1687 1207 1730 Argenti
1217 1699 1229 1718 .·
1241 1688 1344 1729 siguo-

779 1749 850 1767 rum
861 1759 870 1774 ,
894 1746 1041 1767 vasorum
1062 1746 1103 1766 ex
1120 1741 1250 1776 argento
1265 1743 1342 1764 con-

780 1784 947 1814 fectorum.
971 1799 1017 1806 —-
1039 1782 1118 1812 AErc
1139 1791 1151 1810 .-
1175 1780 1262 1811 aereis
1285 1786 1343 1810 sta-

778 1831 853 1860 tuis.
868 1846 914 1854 -—
936 1829 1043 1858 Mutat
1066 1836 1206 1857 merces:
1225 1834 1342 1855 merca-

781 1882 885 1905 turam
908 1880 1056 1910 exercet,
1079 1882 1152 1913 quae
1177 1869 1343 1912 nunquam

777 1921 876 1962 magis
889 1919 1032 1961 proficit,
1044 1917 1139 1959 quam
1153 1916 1225 1949 cam
1240 1927 1289 1947 res
1302 1916 1342 1947 ab

777 1966 883 2008 aliqua
903 1967 1032 2007 regione
1049 1963 1107 1995 ubi
1128 1962 1291 1993 abundant
1311 1970 1343 1994 et

778 2013 851 2043 ideo
865 2049 870 2051 Δ
884 2013 941 2042 vili
967 2011 1070 2052 pretio
1105 2015 1341 2050 comparantur,

777 2060 812 2089 in
842 2059 970 2089 alteram
999 2057 1159 2098 regionem
1192 2065 1263 2096 quae
1298 2056 1343 2085 eis

777 2104 920 2146 indigent
933 2103 1088 2135 translatae
1098 2123 1107 2139 ,
1122 2102 1246 2142 ingenti
1259 2110 1342 2131 mer-

777 2152 891 2181 catoris
914 2150 1049 2180 utilitate
1077 2146 1272 2178 venduntur.
1293 2162 1340 2171 —

776 2197 840 2229 Ρὲν
865 2196 954 2228 mala
975 2205 990 2229 .·
1016 2194 1074 2236 per
1099 2193 1280 2236 naufragia,
1308 2198 1339 2224 at
