1422 2528
142 146 184 178 9⁰
526 143 568 184 Q.
593 140 776 176 HORATII
798 141 951 178 FLAcct

143 288 241 300 mu
245 288 302 300 ννι
308 288 543 302 ”mmmmm
547 287 725 305 mm

909 290 1268 308 mmmmm
1271 292 1328 308 us

495 442 645 501 ODE
689 444 982 502 TERTIA

448 617 538 660 AD
571 617 1033 664 MAECENATEM.

149 779 187 807 ln
203 776 335 816 allium,
353 788 395 808 ex
413 788 475 819 quo
485 789 599 821 graves
614 780 771 811 stomachi
791 780 947 812 cruciatus
960 791 1109 824 expertus
1115 782 1239 826 ficerat,
1262 795 1331 816 cum

403 831 727 874 fitrorefaceeissimo
743 834 898 866 invelzieur
910 835 1072 868 Horatius.

252 981 442 1016 Pmmus
459 978 549 1016 olim
568 987 578 1002 ¹
599 980 631 1018 si
651 980 735 1030 quis
756 981 874 1033 impia
894 995 1008 1022 manu

358 1038 482 1076 Senile
502 1047 632 1089 guttur
647 1041 814 1090 fregerit,

254 1098 350 1136 Edat
365 1098 498 1136 cicutis
517 1100 645 1138 allium
665 1103 874 1140 nocentius,
928 1106 931 1109 ’

365 1161 400 1196 0
414 1158 507 1196 dura
524 1173 732 1198 messorum
747 1161 812 1198 ilia
833 1165 864 1199 2!

255 1217 359 1264 Quid
370 1217 444 1255 hoc
456 1218 595 1257 veneni
609 1221 719 1259 saevit
736 1221 775 1258 in
789 1220 1031 1271 praecordiis?
1319 1234 1333 1258 ε

196 1427 225 1448 1.
249 1415 398 1447 Parentis
420 1414 516 1454 olim,
536 1423 598 1448 etc.
617 1426 625 1448 :
644 1426 710 1447 om-

146 1474 203 1494 nes
241 1464 490 1494 circumstantias
527 1463 544 1494 ὲ
577 1463 711 1494 consilio

147 1509 352 1552 agglomerat,
365 1510 481 1550 quibus
504 1510 713 1540 scelestissimi

146 1555 286 1587 hominis
308 1555 515 1596 parricidium
538 1554 713 1596 amplifice-

147 1609 212 1634 tur.
222 1619 269 1626 --
279 1599 385 1642 Impia
395 1612 513 1638 manu;
523 1612 590 1632 non
604 1601 714 1632 fortui-

148 1650 192 1687 ιὸ,
200 1659 267 1679 non
274 1647 382 1678 vivido
391 1647 529 1688 quodam
538 1655 570 1678 et
576 1647 713 1688 abrupto

148 1695 265 1726 furoris
300 1695 439 1735 impetu,
467 1694 524 1724 sed
548 1695 713 1735 proposito

148 1747 235 1772 certo
262 1747 293 1771 et
322 1741 417 1782 louge
451 1739 541 1771 aute&
565 1741 713 1782 cogitato.

148 1789 240 1819 Pater
266 1786 371 1816 autem
396 1785 539 1827 fingitur,
559 1796 628 1816 non
655 1797 717 1816 ma-

148 1831 220 1864 tut-31
234 1839 324 1863 aetate
345 1832 484 1873 pollens,
498 1840 530 1863 et
547 1833 604 1873 qui
617 1843 650 1862 se
665 1832 718 1862 de-

147 1879 277 1910 fendere
314 1879 435 1915 valeat3
464 1878 520 1908 sed
559 1878 695 1909 imbellis
705 1901 714 1916 ,

149 1924 204 1956 sed
213 1924 336 1956 viribus
351 1934 417 1964 prae
431 1925 520 1955 senio
534 1923 715 1962 destitutus,

148 1982 214 2013 quo
227 1971 311 2001 nihil
329 1970 367 2000 ad
388 1970 649 2001 commovendam
661 1971 718 2000 mi-

149 2018 338 2048 serationem
347 2017 444 2058 vulgo
453 2017 643 2057 aptius.Nun
655 2016 717 2058 gla-

149 2063 205 2094 dio
219 2070 329 2105 pectus
343 2073 441 2093 senex
453 2063 507 2093 ille
526 2062 715 2104 perfoditur,

149 2109 204 2141 sed
211 2107 387 2151 frangitur
412 2110 441 2139 ei
463 2108 565 2139 senile
593 2115 714 2151 guttur,

149 2155 237 2198 quod
250 2166 317 2186 uon
335 2154 374 2184 ad
393 2155 549 2186 latronem
561 2161 593 2185 et
605 2155 715 2196 vulga-

146 2213 213 2233 rem
227 2201 436 2241 homicidam,
455 2201 510 2232 sed
531 2201 660 2243 proprie
674 2200 716 2232 ad

768 1423 921 1448 tortorem
942 1417 1091 1459 pertinet.
1110 1420 1199 1460 Quot
1212 1420 1247 1451 in
1261 1431 1329 1453 uno

765 1464 879 1494 scelere
894 1462 1011 1494 scelera
1024 1465 1243 1498 cumulantur!
1256 1469 1331 1509 Quo

766 1510 870 1540 tamen
881 1511 1039 1552 supplicio
1057 1516 1120 1541 tam
1132 1512 1268 1544 immane
1279 1524 1332 1545 ne-

766 1555 810 1586 fas
833 1557 1037 1597 expiabitur?
1050 1557 1148 1588 Nullo
1161 1558 1222 1589 alio
1233 1559 1331 1600 quum

765 1602 792 1631 si
803 1602 959 1643 parricida
968 1625 977 1640 ,
991 1604 1104 1633 cicutae
1116 1603 1200 1644 loco,
1210 1605 1250 1635 ad
1263 1615 1333 1636 suc-

766 1658 821 1678 cos
843 1659 883 1678 ex
909 1649 983 1679 allio
1002 1650 1178 1690 'expressos
1204 1650 1331 1683 damne-

766 1700 831 1725 tur.
858 1696 948 1725 Hanc
975 1705 1071 1724 unam
1092 1696 1217 1728 invenit
1236 1705 1330 1740 poeta

767 1740 895 1781 dignam
913 1741 1050 1772 facinore
1064 1741 1230 1774 ultionem.

816 1797 847 1818 2.
867 1788 894 1817 Ο
906 1787 987 1817 dura
1005 1797 1175 1819 messorum
1192 1788 1267 1820 ilia!
1285 1789 1330 1820 al·

768 1832 858 1870 lium,
869 1843 941 1873 pars
950 1832 1048 1863 edulii
1059 1843 1125 1874 quo
1138 1844 1290 1866 messores
1299 1841 1331 1866 et

769 1878 821 1909 alii
829 1879 890 1908 viri
899 1885 1032 1920 agrestes
1039 1880 1124 1909 vesci
1131 1879 1285 1919 solebant,
1296 1882 1331 1911 iu

767 1925 952 1966 regionibus
979 1925 1153 1966 praesertim
1180 1927 1331 1958 aestuosis.

768 1972 889 2003 Notum
913 1971 1061 2001 omnibus
1086 1969 1168 2001 illud
1183 1973 1332 2014 Virgilia-

768 2026 866 2048 num:
885 2016 1037 2057 Thestylis
1059 2023 1092 2047 ec
1112 2016 1225 2058 rapido
1233 2018 1334 2060 fessis

769 2062 955 2093 messor-ibus
963 2069 1040 2094 aestu
1053 2062 1138 2093 Allia
1149 2065 1332 2105 serpyllum-

769 2119 830 2149 que
865 2108 978 2140 herbas
1005 2108 1172 2140 contundit
1199 2111 1330 2142 olentes.

768 2155 878 2196 Eclog.
903 2156 953 2194 11,
989 2165 1038 2187 10.
1059 2171 1107 2179 -—-
1124 2156 1219 2187 Soeoie
1239 2167 1252 2188 .·
1271 2167 1332 2198 pro

767 2201 911 2243 simplice
919 2223 930 2241 ,
942 2202 1057 2244 serpit,
1071 2201 1175 2234 multe
1183 2201 1333 2235 v1vidifzs.
