1422 2528
533 148 613 183 Lm,
638 151 655 181 1
686 149 848 181 SATIRA
872 147 900 181 1.

1264 154 1326 187 ¹77

108 229 125 248 a
138 214 224 252 Jiim
244 211 382 250 faciam
400 209 509 262 quod
521 209 751 258 vultis3eris
769 217 830 255 tu,
855 206 924 258 qui
943 205 1062 245 modi>
1078 206 1206 254 miles,

109 292 125 308 »
142 277 360 322 Mercator3
377 281 440 321 tu,
459 273 658 311 consultus
678 269 816 318 modo,
839 270 1022 309 rusticus.
1035 267 1136 308 Hinc
1154 281 1248 316 vos,

108 353 126 372 n
140 341 222 376 Vos
237 335 328 375 hinc
344 335 502 375 mutatis
515 334 703 373 discedite
723 332 916 385 partibus.
932 332 1020 370 Eia!

109 416 126 434 r>
143 398 250 446 Quid
268 398 401 437 statis?
417 415 434 432 υ
453 387 600 437 Nolint.
619 396 739 447 Atqui
759 395 849 433 licet
867 407 949 433 esse
970 392 1108 432 beatis.

108 459 214 509 Quid
232 471 357 498 causae
373 467 446 506 est,
464 455 605 496 merito
621 458 716 508 quin
737 456 816 494 illis
836 455 993 506 Jupiter
1007 453 1141 492 ambas
1292 468 1325 486 ὀ

106 523 233 559 Iratus
245 519 388 558 buccas
406 519 531 568 inflet,
552 532 681 570 neque
694 531 735 555 se
749 518 834 555 fore
852 516 1017 567 posthac

103 586 199 622 Tam
217 583 368 622 facilem
386 582 512 630 dicat,
533 581 634 620 votis
652 589 697 619 ut
716 578 890 631 praebeat
910 579 1072 617 aurem?

157 646 348 683 Praetereit
367 644 463 694 (uec
479 641 556 692 sic,
577 652 622 680 ut
649 641 923 693 quijocularia
941 639 977 688 ⁵,
998 639 1130 678 ridens

103 708 353 754 Percurram3
372 707 607 757 quamquam
622 703 815 741 ridentem
836 702 968 740 dicere
982 714 1122 739 verum

105 768 211 816 Quid
226 769 354 815 vetat?
369 775 414 806 ut
426 766 557 819 pueris
571 764 664 804 olim
685 765 779 803 dant
799 764 974 802 crustula
991 761 1130 800 blandi
1294 768 1327 794 2⁵

102 831 316 876 Doctores,
339 829 528 867 elementa
548 827 668 866 velint
686 835 730 865 ut
749 826 900 864 discere
917 825 1060 877 prima3

106 889 186 929 Sed
202 892 330 929 tamen
346 899 477 929 amoto
493 902 713 942 quaeramus
728 888 830 926 seria
845 886 975 939 ludo.)
1038 884 1040 888 ’

106 953 176 991 Ille
190 965 348 1004 gravem
363 953 463 991 duro
489 960 635 991 terram
654 951 722 1002 qui
745 950 864 987 vertit
881 958 1032 998 aratro,

106 1013 281 1052 Perfidus
291 1014 356 1052 hic
375 1027 501 1066 caupo
519 1014 555 1062 ⁶,
571 1014 681 1051 miles
692 1042 702 1061 ,
720 1020 948 1062 nautaeque,
962 1025 1034 1063 per
1053 1024 1167 1049 omne

101 1073 284 1114 ‘Audaces
297 1088 404 1113 mare
419 1075 488 1126 qui
506 1083 691 1122 currunt,
707 1073 781 1110 hac
796 1080 926 1110 mente
941 1072 1116 1111 laborem
1294 1078 1327 1104 ³⁰

107 1136 200 1176 Sese
214 1136 338 1186 ferre,
358 1149 467 1175 senes
483 1136 582 1174 utin
599 1135 680 1173 otia
699 1142 782 1172 tuta
802 1135 1003 1183 recedant,

110 1289 195 1322 Hinc
207 1299 289 1329 vos,
307 1291 372 1322 Vos
384 1289 461 1321 hinc
479 1288 615 1321 mutatis
625 1288 692 1321 dis-

107 1337 214 1369 cedite
223 1336 372 1379 partibus
395 1348 407 1367 :
425 1337 578 1378 allegoria
593 1337 690 1368 ducta

108 1391 158 1416 est
175 1385 195 1416 ὁ
212 1382 323 1416 fabula
343 1383 518 1415 dramatici
529 1407 538 1423 ,
563 1385 599 1414 iu
626 1382 693 1425 quii

110 1439 248 1471 actores,
271 1441 335 1473 pro
352 1430 500 1472 partibus
522 1441 595 1473 quae
612 1431 692 1472 ipsis

110 1480 291 1511 commissae
319 1485 415 1516 sunt,
444 1479 550 1509 varios
574 1478 693 1509 theatri

109 1527 203 1558 locos
231 1532 355 1557 teuent.
387 1542 435 1549 —
461 1525 552 1566 Quid
574 1525 692 1557 scaeis?

110 1579 266 1606 votorum
283 1579 451 1614 compotes
461 1572 528 1612 jam
540 1580 694 1604 votorum

110 1622 260 1664 poeuitet.
273 1637 322 1644 -—-
331 1620 435 1662 Atqui
447 1619 527 1651 licet
538 1631 606 1651 esse
616 1620 693 1651 bea-

110 1669 152 1702 tis
165 1679 178 1699 .-
189 1679 248 1710 per
263 1667 408 1710 regulam
420 1678 493 1710 qnae
507 1667 525 1698 ὲ
535 1678 693 1710 gramma-

110 1717 182 1748 ticis
190 1739 200 1754 ,
215 1714 422 1748 acer-actionis
431 1715 564 1754 dicitur,
574 1715 688 1753 beatis,

109 1774 173 1807 pro
180 1763 305 1803 beatos,
317 1764 448 1804 scripsit
461 1764 598 1801 Noster3
617 1763 693 1794 sub-

111 1811 243 1843 auditur
249 1810 353 1843 vohis.
362 1811 480 1842 Passim
487 1811 630 1850 ejusdem
641 1822 693 1853 ge-

109 1860 198 1890 neris
209 1859 357 1902 exempla
364 1860 689 1890 occurrunt.—Am·

109 1905 169 1938 bas
182 1909 292 1939 Iratus
305 1906 423 1938 buccas
440 1905 535 1949 inflet
547 1916 558 1936 :
574 1907 630 1948 qui
642 1905 692 1938 iri

110 1954 347 1993 accenduntur,
392 1953 494 1984 verba
534 1955 672 1985 minacia
683 1978 692 1994 ,

111 2001 236 2041 buccis,
244 2002 278 2033 h.
286 2013 315 2034 e.
324 2002 415 2044 genis
423 2000 690 2042 tumescentibus,

111 2048 299 2082 effundunt.
323 2049 411 2081 Hinc
431 2047 520 2090 apud
541 2049 690 2091 Graecos,

111 2095 268 2128 familiare
287 2103 336 2129 est
357 2095 472 2128 eodem
487 2107 586 2127 sensu
615 2107 693 2138 pro-

112 2143 263 2175 verbium
273 2167 282 2183 ,
299 2144 399 2188 φυσᾷν
417 2140 474 2179 τὰς
487 2141 631 2189 γνάθους.

164 2191 196 2223 5.
209 2192 252 2222 Ue
265 2193 323 2234 qui
329 2191 498 2234 jocularia
512 2202 524 2221 :
535 2190 694 2229 subaudi,

109 2247 312 2280 percurrunt.
330 2257 379 2263 —-
403 2239 575 2270 Ridentem
590 2238 696 2270 dicere

112 2295 230 2317 venem
259 2285 347 2329 Quid
373 2290 496 2318 vetat?
520 2297 626 2318 mores
650 2287 696 2317 ri·

744 1291 855 1324 dendo
871 1290 1027 1332 castigare
1047 1288 1164 1321 comici
1181 1295 1285 1330 poetae
1297 1293 1331 1319 et

745 1338 838 1380 digni
862 1339 984 1370 satirici
1013 1347 1134 1368 munus
1154 1342 1212 1367 est.
1231 1337 1272 1366 In
1289 1346 1330 1367 eo

745 1386 869 1428 quippe
899 1387 1019 1418 Noster
1054 1383 1208 1416 Juvenali
1243 1390 1330 1414 ame-

746 1433 857 1471 cellit,
904 1432 994 1474 quod
1029 1432 1108 1462 vitia
1146 1430 1263 1461 leviter
1297 1436 1330 1461 et
1381 1428 1392 1431 “

746 1480 840 1522 quasi
867 1479 958 1512 aliud
982 1478 1106 1521 agendo
1125 1479 1276 1520 attingat,
1298 1483 1331 1508 et

746 1527 814 1558 fere
835 1527 962 1569 semper
986 1526 1108 1567 absque
1123 1525 1190 1556 ullzi
1207 1525 1330 1558 offensa

747 1575 900 1617 corrigat.
931 1592 980 1598 —-
1010 1572 1096 1605 Olim
1132 1583 1144 1603 .·
1176 1583 1330 1604 nonnun-

749 1621 866 1664 qutun,
892 1621 1097 1664 plerumque.
1122 1637 1170 1645 —-
1196 1620 1264 1651 Sed
1279 1628 1342 1652 ta·-

751 1669 826 1700 ιηὲιι
846 1680 859 1700 .·
880 1669 1096 1701 correctionis
1114 1667 1253 1699 formula
1267 1676 1326 1707 est,

747 1715 812 1759 qu&
829 1716 1052 1759 praecedeuter
1073 1715 1160 1746 dicta
1185 1724 1330 1756 revocat.

745 1764 846 1803 Nam,
860 1763 936 1796 cum
951 1764 1119 1795 fictionem
1133 1764 1154 1794 J
1157 1764 1226 1794 ovis
1239 1762 1330 1794 nime

745 1811 846 1843 facilis
861 1819 894 1843 et
915 1812 1063 1854 benigni,
1084 1812 1162 1843 mox
1183 1811 1258 1842 irati
1274 1811 1330 1842 ad-

746 1861 890 1898 miserit,
910 1859 976 1900 jam
1005 1860 1137 1889 nuntiat
1159 1869 1192 1889 se
1217 1865 1330 1890 amoto

745 1907 839 1944 ludo,
864 1907 905 1938 ad
923 1906 1010 1939 seria
1026 1912 1065 1938 eb
1078 1906 1166 1937 mere
1186 1906 1329 1948 philoso-

743 1954 841 1996 phica
855 1956 986 1986 reverti.

794 2002 827 2034 6.
858 2001 1004 2046 Perfidus
1029 2000 1082 2032 lzic
1107 2012 1214 2042 caupo
1237 2012 1248 2032 .-
1274 2000 1328 2032 hic

739 2049 903 2093 perfidos,
932 2049 966 2082 h.
986 2060 1015 2082 e.
1042 2049 1133 2079 malae
1157 2048 1236 2080 fidei
1257 2059 1330 2079 cau-

746 2108 850 2139 pones
863 2104 960 2129 vocat
975 2097 1150 2134 Horatius,
1169 2103 1208 2127 ut
1226 2095 1310 2127 infre
1320 2118 1329 2133 ,

747 2147 813 2176 Sat.
828 2146 864 2184 1,
882 2146 902 2176 5
913 2168 922 2184 ‚
944 2151 980 2183 4,
1006 2143 1169 2186 malignos
1185 2143 1327 2175 vocabit.

746 2210 795 2216 —
817 2192 896 2223 Ciam
913 2191 973 2223 sibi
985 2191 1052 2223 sinc
1075 2199 1230 2233 congesta
1244 2189 1329 2221 ciba-

749 2239 801 2270 ria
818 2250 830 2269 .·
856 2238 932 2271 cum
954 2239 1083 2270 divitias
1109 2239 1172 2270 sibi
1197 2247 1330 2279 parave-

750 2287 833 2326 rint,
851 2287 970 2330 quibus
986 2288 1123 2318 otiosam
1140 2285 1331 2326 beatamque
