1422 2528
161 106 226 136 236

546 113 586 152 Q.
611 111 792 143 RORATH
817 111 967 143 FLACCI
1171 135 1204 154 ο

162 167 211 201 At
229 166 374 205 Novius
390 169 531 219 collega
547 171 668 221 gradu
685 171 772 222 post
789 185 848 208 me
862 171 971 209 sedet
985 182 1062 208 uno
1081 170 1116 218 ⁸3
1131 197 1139 203 -
1317 181 1353 208 4ο

164 227 336 276 Νὲιιῃφιθ
353 237 409 266 est
418 230 480 267 ille
489 260 498 277 ,
511 240 620 281 pater
634 231 739 281 quod
753 230 834 270 erat
846 244 965 269 meus.
975 251 1029 261 ·--
1039 229 1123 268 Ηὸο
1133 229 1203 270 tibi
1217 230 1352 269 Paulus

164 287 210 323 Et
226 289 387 326 Messala
402 290 566 328 videris?
579 295 629 328 At
647 292 729 339 hic,
744 293 775 328 si
789 292 957 342 plaustra
973 290 1136 329 ducenta·

165 348 477 399 Concurrantque
497 351 581 388 foro
604 353 676 389 tria
695 353 847 399 funera,
867 364 1001 401 magna
1022 351 1197 400 sonabit,

165 407 316 444 Cornua
330 410 434 458 quod
456 411 656 460 vincatque
670 411 800 458 tubas;
814 412 943 449 saltem
960 419 1061 448 tenet
1077 411 1151 450 hoc
1167 423 1247 450 nos.

217 468 328 504 Nunc
344 468 391 504 ad
408 482 468 506 me
489 470 621 518 redeo,
636 471 816 508 libertino
832 481 940 522 patre
956 480 1088 509 natum
1099 502 1108 519 ‚
1286 463 1292 468 ⁹
1320 480 1352 509 4⁵

168 529 290 572 Quem
310 528 450 567 rodunt
464 543 592 569 omnes
606 531 785 568 libertino
810 541 917 581 patre
935 541 1065 569 natum
1083 539 1112 579 ⁹,

166 588 276 623 Nunc
286 615 297 632 ‚
316 589 403 638 quis
421 590 489 627 siin
506 590 591 636 tibi,
610 594 815 636 Maecenas,
837 591 1048 638 convictor;
1063 599 1100 629 at
1113 589 1222 638 olim,

168 644 281 691 Quod
297 649 389 686 mihi
406 659 558 699 pareret
574 651 671 700 legio
694 654 863 688 Romana
878 651 1044 689 tribuno.

164 704 353 743 Dissimile
374 708 447 746 hoc
465 710 518 746 illi
537 710 714 759 est3qui51
728 723 803 746 non
819 720 860 747 ut
881 708 988 748 forsit
1009 711 1192 749 honorem

163 765 256 801 Jure
276 767 369 803 mihi
391 768 560 807 invideat
579 770 719 819 quivis,
738 770 791 806 ita
810 778 846 807 te
862 771 1014 820 quoque
1027 770 1210 816 amioum,
1318 778 1351 803 5⁰

164 825 376 865 Praesertim
393 838 545 867 cautum
562 830 695 880 dignos
713 843 923 877 assumere,
941 831 1059 880 pravzi

164 1034 194 1057 ct
213 1028 316 1058 statim
333 1030 510 1061 exclamant
526 1041 533 1063 :
552 1033 648 1069 Tune,
666 1039 726 1064 etc.

166 1074 195 1103 E
220 1085 302 1104 saxo
330 1087 342 1106 .·
367 1077 384 1106 ὸ
412 1077 544 1119 Tarpeiai
573 1090 663 1120 rupe.
684 1097 729 1103 -

168 1120 290 1151 Cadmo
302 1133 313 1151 :
329 1124 451 1155 tortori.

215 1168 246 1198 8.
267 1168 386 1198 Novius
400 1170 526 1211 collega
538 1171 644 1212 gradu
657 1171 731 1211 post

168 1224 217 1243 me
233 1214 324 1245 sedet
340 1227 404 1246 ιιηο
422 1226 434 1245 .·
448 1216 620 1256 respondet
638 1218 729 1258 igno-

165 1259 238 1290 hilis
251 1261 304 1290 ille
317 1263 389 1302 Syri
409 1269 462 1292 aut
478 1264 586 1293 Damae
601 1262 686 1293 filius
697 1275 729 1294 se

163 1306 292 1346 quidem
315 1317 381 1338 esse
404 1309 591 1346 obscurum,
621 1309 728 1339 minus

164 1353 268 1383 tarnim
282 1353 377 1394 quim
396 1354 546 1395 collegam
561 1366 654 1385 suum
674 1356 729 1396 qui

164 1399 316 1438 liberius,
347 1402 414 1431 sive
442 1403 524 1431 servi
554 1401 639 1432 filius
665 1409 729 1439 est,

166 1443 243 1475 dum
260 1447 327 1487 ipse
339 1447 448 1478 liberti
463 1446 567 1485 filius,
586 1449 729 1478 libertini

165 1492 260 1522 titulo
287 1493 453 1533 gloriatur.
469 1512 516 1518 -—
532 1495 601 1524 Ηὸε
627 1506 638 1525 .·
664 1506 728 1524 ser-

167 1548 294 1569 monem
309 1541 423 1581 repetit
434 1541 569 1581 quilibet
589 1541 606 1571 ὲ
627 1552 729 1582 popu-

166 1585 217 1622 lo;
242 1585 320 1622 Ῐιὸε,
343 1586 378 1616 id
400 1594 457 1624 est,
482 1586 571 1625 ideo,
598 1594 630 1617 et
654 1586 729 1628 quiz‘x

166 1631 286 1673 collega
301 1639 377 1662 tuus
399 1633 598 1674 ignobilitate
613 1641 642 1663 te
659 1635 727 1663 vin-

167 1679 226 1714 cit,
261 1686 290 1708 te
320 1679 457 1709 Paulum
489 1680 645 1720 aliquem,
680 1679 731 1709 vel

167 1725 341 1755 Messalam
386 1726 566 1756 existimas?
595 1725 728 1757 Paulum

166 1771 329 1801 AEmilinm
356 1778 388 1801 et
417 1772 579 1803 Valerium
611 1774 728 1803 Messa-

164 1817 227 1847 lam
255 1818 424 1858 intelligit,
454 1819 538 1848 cives
569 1819 726 1849 nobilissi-

166 1873 244 1894 mos.
271 1881 318 1887 -
337 1867 381 1894 At
396 1863 447 1894 hic
461 1875 473 1894 .·
488 1866 628 1902 Novius3
646 1874 729 1895 mera

166 1911 283 1946 ironia3
307 1910 366 1940 tibi
391 1910 536 1951 quidem,
561 1910 666 1951 quohd
682 1922 731 1952 ge-

166 1957 251 1985 neris
276 1956 474 1997 dignitatem,
504 1958 730 1998 aliquantisper

168 2001 267 2039 cedi13
296 2002 350 2032 sed
375 2002 486 2044 magnii
512 2005 630 2034 virtute
655 2014 730 2044 prae-

168 2047 254 2078 ditus
281 2055 345 2085 est,
377 2047 450 2079 cinn
472 2051 559 2079 vocis
582 2061 646 2079 suae
671 2050 729 2079 ela-

167 2094 254 2124 tione
284 2095 384 2134 possit
411 2105 559 2136 superare
585 2106 728 2125 murmur

165 2139 287 2170 editum
309 2139 348 2169 ab
366 2141 546 2172 innumeris⁴
564 2142 727 2183 plaustris,

166 2196 350 2228 cornuaque
365 2194 395 2217 et
411 2187 502 2218 tubas
521 2189 618 2219 trium
639 2188 728 2219 fune-

782 1043 855 1063 rum
879 1030 974 1063 simul
998 1026 1038 1062 iu¹
1058 1032 1128 1062 soro
1154 1041 1350 1063 concurren-

783 1081 874 1109 tium.
895 1097 940 1102 —
953 1078 1076 1109 Saltem
1097 1085 1185 1108 tenet
1198 1076 1258 1108 hoc
1271 1088 1328 1108 nos
1339 1089 1350 1108 :

783 1125 843 1155 hoc
869 1127 903 1154 in
936 1125 1073 1155 ablativo
1107 1135 1198 1162 cusu;
1226 1125 1350 1156 Novius

784 1183 844 1202 nos
867 1178 973 1207 tenet,
1003 1171 1035 1201 h.
1061 1181 1089 1200 e.
1116 1170 1270 1207 delectat,
1297 1180 1348 1200 ca-

782 1219 850 1258 pit,
883 1216 953 1253 boc,
989 1227 1028 1247 eo
1051 1215 1152 1246 landis
1181 1223 1213 1246 et
1244 1217 1350 1246 meriti
1387 1213 1394 1219 ”

782 1274 905 1305 genere.
935 1262 1095 1294 stoliditas
1129 1261 1243 1304 populi
1274 1263 1346 1293 irri-

783 1310 885 1340 detur.

830 1367 861 1396 9.
894 1354 1055 1386 Libertina
1078 1361 1174 1396 patre
1205 1361 1316 1385 natum
1332 1365 1344 1385 :

785 1401 843 1433 cin·
859 1402 906 1432 bis
922 1401 1003 1431 illud
1018 1400 1246 1432 hemistichion
1260 1411 1348 1442 repe-

785 1457 871 1479 tatur
898 1448 954 1478 vix
981 1455 1028 1477 est
1054 1455 1088 1477 ut
1115 1447 1283 1488 explicem.
1301 1464 1348 1472 —-

785 1496 902 1531 Νἰιηο,
918 1493 995 1534 quill
1008 1493 1066 1523 sim
1081 1492 1149 1530 tibi,
1168 1495 1344 1531 Moecenas,

783 1541 946 1572 convictor
959 1551 971 1570 .·
987 1540 1026 1570 ad
1037 1550 1176 1570 mensam
1191 1547 1277 1570 tuam
1292 1539 1347 1570 ad-

783 1589 907 1618 missus.
933 1603 978 1610 —-—
1013 1586 1091 1616 Mihi
1118 1585 1242 1617 tribuno
1275 1597 1285 1615 :
1311 1587 1346 1617 in

784 1634 981 1674 Philippensi
996 1631 1103 1674 pugn&
1125 1632 1247 1662 tribuni
1262 1633 1345 1662 mili-

784 1688 850 1710 tum
882 1681 990 1709 munia
1015 1690 1083 1709 non
1110 1678 1189 1709 adeo
1214 1678 1346 1709 honori-

784 1726 844 1758 fiee
862 1732 996 1767 gesserat
1011 1726 1170 1756 Horatius.
1186 1742 1231 1748 -—-
1247 1723 1344 1755 Dissi-

783 1773 858 1804 mile
876 1772 934 1801 Ιιοσ
948 1771 998 1802 illi
1012 1778 1059 1802 esc
1073 1782 1084 1801 .·
1099 1771 1181 1808 hoc,
1197 1770 1345 1802 videlicet

782 1819 876 1849 fuisse
890 1818 1056 1848 tribunum
1077 1818 1244 1848 militarem
1254 1838 1263 1855 ,
1278 1827 1344 1847 non

782 1873 828 1895 est
856 1865 941 1894 idem
972 1864 1066 1904 atque
1095 1863 1193 1901 illud,
1223 1862 1344 1895 scilicet

784 1911 842 1941 tibi
855 1909 941 1940 nime
952 1921 1018 1940 esse
1033 1910 1215 1940 familiarem
1228 1915 1260 1939 et
1270 1910 1344 1939 ami-

783 1968 856 1987 cum
879 1967 886 1988 :
906 1955 979 1996 quiin
1005 1967 1071 1986 nou
1095 1962 1141 1986 est.
1158 1965 1269 1995 causa,
1285 1954 1344 1986 cur

783 2004 939 2043 quispiam
958 2002 1098 2032 invideat
1119 2001 1214 2039 mihi,
1243 2008 1274 2032 et
1291 2002 1342 2032 in-

780 2049 939 2090 dignetur,
953 2048 1039 2088 quod
1054 2055 1126 2078 tuus
1138 2049 1196 2078 sim
1211 2049 1340 2086 amicus,

781 2094 925 2136 quamvis
933 2092 1041 2136 forsit,
1054 2094 1089 2124 id
1105 2100 1168 2131 est,
1195 2093 1340 2131 sortasse,

780 2142 935 2171 honorem
962 2138 1142 2170 tribunatus
1166 2139 1246 2170 mihi
1271 2141 1342 2180 jure

781 2193 886 2229 posset
910 2185 1064 2218 invidere.
1091 2185 1234 2228 Indignis
1258 2185 1343 2217 enim
