<?xml version="1.0" encoding="UTF-8"?>
<!DOCTYPE html PUBLIC "-//W3C//DTD XHTML 1.0 Transitional//EN"
    "http://www.w3.org/TR/xhtml1/DTD/xhtml1-transitional.dtd">
<html xmlns="http://www.w3.org/1999/xhtml" xml:lang="en" lang="en">
 <head>
  <title>
</title>
<meta http-equiv="Content-Type" content="text/html;charset=utf-8" />
  <meta name='ocr-system' content='tesseract 3.04.00' />
  <meta name='ocr-capabilities' content='ocr_page ocr_carea ocr_par ocr_line ocrx_word'/>
</head>
<body>
  <div class='ocr_page' id='page_1' title='image "./quintushoratiusf02horauoft_0165.png"; bbox 0 0 1422 2528; ppageno 0'>
   <div class='ocr_carea' id='block_1_1' title="bbox 527 185 842 218">
    <p class='ocr_par' dir='ltr' id='par_1_1' title="bbox 527 185 842 218">
     <span class='ocr_line' id='line_1_1' title="bbox 527 185 842 218; baseline -0.003 -1"><span class='ocrx_word' id='word_1_1' title='bbox 527 186 606 217; x_wconf 78' lang='lat' dir='ltr'><strong>Lm.</strong></span> <span class='ocrx_word' id='word_1_2' title='bbox 630 186 662 217; x_wconf 87' lang='lat' dir='ltr'><strong>V</strong></span> <span class='ocrx_word' id='word_1_3' title='bbox 686 185 775 218; x_wconf 88' lang='lat' dir='ltr'><strong>ODE</strong></span> <span class='ocrx_word' id='word_1_4' title='bbox 798 185 842 216; x_wconf 72' lang='lat' dir='ltr'><strong>V.</strong></span> 
     </span>
    </p>
   </div>
   <div class='ocr_carea' id='block_1_2' title="bbox 1231 184 1292 214">
    <p class='ocr_par' dir='ltr' id='par_1_2' title="bbox 1231 184 1292 214">
     <span class='ocr_line' id='line_1_2' title="bbox 1231 184 1292 214; baseline 0 0"><span class='ocrx_word' id='word_1_5' title='bbox 1231 184 1292 214; x_wconf 81' lang='lat'><strong>103</strong></span> 
     </span>
    </p>
   </div>
   <div class='ocr_carea' id='block_1_3' title="bbox 175 241 1295 901">
    <p class='ocr_par' dir='ltr' id='par_1_3' title="bbox 189 241 966 342">
     <span class='ocr_line' id='line_1_3' title="bbox 297 241 810 282; baseline -0.006 0"><span class='ocrx_word' id='word_1_6' title='bbox 297 260 312 278; x_wconf 71' lang='lat' dir='ltr'>u</span> <span class='ocrx_word' id='word_1_7' title='bbox 331 242 456 282; x_wconf 84' lang='lat' dir='ltr'>Radix</span> <span class='ocrx_word' id='word_1_8' title='bbox 473 243 607 281; x_wconf 82' lang='lat' dir='ltr'><strong>fefellit</strong></span> <span class='ocrx_word' id='word_1_9' title='bbox 626 255 687 280; x_wconf 90' lang='lat' dir='ltr'><strong>me</strong></span> <span class='ocrx_word' id='word_1_10' title='bbox 701 241 810 280; x_wconf 86' lang='lat' dir='ltr'><strong>loeis.</strong></span> 
     </span>
     <span class='ocr_line' id='line_1_4' title="bbox 189 301 966 342; baseline -0.001 -1"><span class='ocrx_word' id='word_1_11' title='bbox 189 317 206 337; x_wconf 73' lang='lat'><strong>»³</strong></span> <span class='ocrx_word' id='word_1_12' title='bbox 225 303 416 342; x_wconf 88' lang='lat' dir='ltr'><strong>Indormit</strong></span> <span class='ocrx_word' id='word_1_13' title='bbox 430 305 556 342; x_wconf 86' lang='lat' dir='ltr'><strong>unctis</strong></span> <span class='ocrx_word' id='word_1_14' title='bbox 577 303 751 340; x_wconf 88' lang='lat' dir='ltr'><strong>omnium</strong></span> <span class='ocrx_word' id='word_1_15' title='bbox 770 301 966 341; x_wconf 85' lang='lat' dir='ltr'><strong>cubilibus</strong></span> 
     </span>
    </p>

    <p class='ocr_par' dir='ltr' id='par_1_4' title="bbox 191 365 1295 466">
     <span class='ocr_line' id='line_1_5' title="bbox 297 365 1295 417; baseline -0.011 -12"><span class='ocrx_word' id='word_1_16' title='bbox 297 383 313 399; x_wconf 88' lang='lat'>»</span> <span class='ocrx_word' id='word_1_17' title='bbox 334 365 541 405; x_wconf 79' lang='lat' dir='ltr'><strong>Oblivione</strong></span> <span class='ocrx_word' id='word_1_18' title='bbox 554 365 751 417; x_wconf 82' lang='lat' dir='ltr'>pellicum.</span> <span class='ocrx_word' id='word_1_19' title='bbox 992 387 995 389; x_wconf 97' lang='lat'>-</span> <span class='ocrx_word' id='word_1_20' title='bbox 1263 380 1295 405; x_wconf 72' lang='lat'><strong>7⁰</strong></span> 
     </span>
     <span class='ocr_line' id='line_1_6' title="bbox 191 426 952 466; baseline -0.001 -1"><span class='ocrx_word' id='word_1_21' title='bbox 191 442 207 460; x_wconf 68' lang='lat' dir='ltr'><strong>n</strong></span> <span class='ocrx_word' id='word_1_22' title='bbox 227 427 310 465; x_wconf 84' lang='lat' dir='ltr'><strong>Ah!</strong></span> <span class='ocrx_word' id='word_1_23' title='bbox 331 427 398 466; x_wconf 81' lang='lat' dir='ltr'><strong>ah!</strong></span> <span class='ocrx_word' id='word_1_24' title='bbox 417 428 565 466; x_wconf 85' lang='lat' dir='ltr'><strong>solutus</strong></span> <span class='ocrx_word' id='word_1_25' title='bbox 584 426 756 465; x_wconf 78' lang='lat' dir='ltr'><strong>ambulat</strong></span> <span class='ocrx_word' id='word_1_26' title='bbox 771 427 952 465; x_wconf 75' lang='lat' dir='ltr'><strong>veneficae</strong></span> 
     </span>
    </p>

    <p class='ocr_par' dir='ltr' id='par_1_5' title="bbox 192 489 948 598">
     <span class='ocr_line' id='line_1_7' title="bbox 294 489 773 527; baseline 0 -1"><span class='ocrx_word' id='word_1_27' title='bbox 294 504 311 522; x_wconf 71' lang='lat' dir='ltr'>u</span> <span class='ocrx_word' id='word_1_28' title='bbox 334 489 560 527; x_wconf 86' lang='lat' dir='ltr'><strong>Scientioris</strong></span> <span class='ocrx_word' id='word_1_29' title='bbox 580 489 773 526; x_wconf 85' lang='lat' dir='ltr'>carmine!</span> 
     </span>
     <span class='ocr_line' id='line_1_8' title="bbox 192 546 948 598; baseline 0 -14"><span class='ocrx_word' id='word_1_30' title='bbox 192 564 208 580; x_wconf 86' lang='lat'>»</span> <span class='ocrx_word' id='word_1_31' title='bbox 228 549 315 585; x_wconf 88' lang='lat' dir='ltr'><strong>Non</strong></span> <span class='ocrx_word' id='word_1_32' title='bbox 334 548 500 594; x_wconf 89' lang='lat' dir='ltr'><strong>usitatis,</strong></span> <span class='ocrx_word' id='word_1_33' title='bbox 517 550 640 594; x_wconf 87' lang='lat' dir='ltr'><strong>Vare,</strong></span> <span class='ocrx_word' id='word_1_34' title='bbox 657 546 881 598; x_wconf 87' lang='lat' dir='ltr'><strong>potionibus</strong></span> <span class='ocrx_word' id='word_1_35' title='bbox 899 554 948 595; x_wconf 74' lang='lat'><strong>¹2,</strong></span> 
     </span>
    </p>

    <p class='ocr_par' dir='ltr' id='par_1_6' title="bbox 175 607 1295 841">
     <span class='ocr_line' id='line_1_9' title="bbox 298 607 862 658; baseline -0.004 -12"><span class='ocrx_word' id='word_1_36' title='bbox 298 624 314 641; x_wconf 82' lang='lat'>»</span> <span class='ocrx_word' id='word_1_37' title='bbox 334 610 369 646; x_wconf 94' lang='grc' dir='ltr'><strong>Ο</strong></span> <span class='ocrx_word' id='word_1_38' title='bbox 387 609 508 646; x_wconf 86' lang='lat' dir='ltr'><strong>multa</strong></span> <span class='ocrx_word' id='word_1_39' title='bbox 526 607 710 646; x_wconf 84' lang='lat' dir='ltr'><strong>fleturum</strong></span> <span class='ocrx_word' id='word_1_40' title='bbox 725 610 862 658; x_wconf 81' lang='lat' dir='ltr'><strong>caput!</strong></span> 
     </span>
     <span class='ocr_line' id='line_1_10' title="bbox 190 668 1295 715; baseline -0.002 -8"><span class='ocrx_word' id='word_1_41' title='bbox 190 684 206 702; x_wconf 66' lang='grc' dir='ltr'>υ</span> <span class='ocrx_word' id='word_1_42' title='bbox 224 668 286 707; x_wconf 81' lang='lat' dir='ltr'><strong>Ad</strong></span> <span class='ocrx_word' id='word_1_43' title='bbox 306 682 368 707; x_wconf 91' lang='lat' dir='ltr'><strong>me</strong></span> <span class='ocrx_word' id='word_1_44' title='bbox 387 682 581 715; x_wconf 80' lang='lat' dir='ltr'><strong>recurres,</strong></span> <span class='ocrx_word' id='word_1_45' title='bbox 599 681 670 706; x_wconf 91' lang='lat' dir='ltr'><strong>nec</strong></span> <span class='ocrx_word' id='word_1_46' title='bbox 686 677 824 706; x_wconf 87' lang='lat' dir='ltr'><strong>vocata</strong></span> <span class='ocrx_word' id='word_1_47' title='bbox 839 681 946 706; x_wconf 86' lang='lat' dir='ltr'><strong>mens</strong></span> <span class='ocrx_word' id='word_1_48' title='bbox 961 677 1028 706; x_wconf 90' lang='lat' dir='ltr'><strong>tua</strong></span> <span class='ocrx_word' id='word_1_49' title='bbox 1261 676 1295 710; x_wconf 89' lang='lat'><strong>7⁵</strong></span> 
     </span>
     <span class='ocr_line' id='line_1_11' title="bbox 175 721 827 768; baseline -0.002 0"><span class='ocrx_word' id='word_1_50' title='bbox 175 721 179 724; x_wconf 40' lang='lat'>¹</span> <span class='ocrx_word' id='word_1_51' title='bbox 297 744 315 763; x_wconf 71' lang='grc' dir='ltr'>υ</span> <span class='ocrx_word' id='word_1_52' title='bbox 334 731 473 768; x_wconf 83' lang='lat' dir='ltr'>Marsis</span> <span class='ocrx_word' id='word_1_53' title='bbox 491 729 634 767; x_wconf 86' lang='lat' dir='ltr'>redibit</span> <span class='ocrx_word' id='word_1_54' title='bbox 651 729 827 767; x_wconf 84' lang='lat' dir='ltr'><strong>vocibus.</strong></span> 
     </span>
     <span class='ocr_line' id='line_1_12' title="bbox 190 789 989 841; baseline 0 -13"><span class='ocrx_word' id='word_1_55' title='bbox 190 807 206 824; x_wconf 83' lang='lat'>»</span> <span class='ocrx_word' id='word_1_56' title='bbox 223 790 350 841; x_wconf 87' lang='lat' dir='ltr'><strong>Majus</strong></span> <span class='ocrx_word' id='word_1_57' title='bbox 367 791 532 841; x_wconf 81' lang='lat' dir='ltr'><strong>parabo,</strong></span> <span class='ocrx_word' id='word_1_58' title='bbox 551 790 675 841; x_wconf 91' lang='lat' dir='ltr'><strong>majus</strong></span> <span class='ocrx_word' id='word_1_59' title='bbox 693 790 893 828; x_wconf 84' lang='lat' dir='ltr'><strong>infundam</strong></span> <span class='ocrx_word' id='word_1_60' title='bbox 915 789 989 828; x_wconf 84' lang='lat' dir='ltr'><strong>tibi</strong></span> 
     </span>
    </p>

    <p class='ocr_par' dir='ltr' id='par_1_7' title="bbox 297 849 786 901">
     <span class='ocr_line' id='line_1_13' title="bbox 297 849 786 901; baseline -0.006 -12"><span class='ocrx_word' id='word_1_61' title='bbox 297 867 313 885; x_wconf 77' lang='grc' dir='ltr'><strong><em>υ</em></strong></span> <span class='ocrx_word' id='word_1_62' title='bbox 334 851 559 890; x_wconf 86' lang='lat' dir='ltr'><strong>Fastidienti</strong></span> <span class='ocrx_word' id='word_1_63' title='bbox 577 849 786 901; x_wconf 89' lang='lat' dir='ltr'><strong>poculum;</strong></span> 
     </span>
    </p>
   </div>
   <div class='ocr_carea' id='block_1_4' title="bbox 61 1042 663 2353">
    <p class='ocr_par' dir='ltr' id='par_1_8' title="bbox 61 1042 663 2353">
     <span class='ocr_line' id='line_1_14' title="bbox 82 1042 661 1086; baseline 0.002 -11"><span class='ocrx_word' id='word_1_64' title='bbox 82 1053 215 1086; x_wconf 75' lang='lat' dir='ltr'><strong>compos</strong></span> <span class='ocrx_word' id='word_1_65' title='bbox 224 1054 291 1075; x_wconf 90' lang='lat' dir='ltr'><strong>non</strong></span> <span class='ocrx_word' id='word_1_66' title='bbox 297 1042 578 1076; x_wconf 76' lang='lat' dir='ltr'><strong>fiat.—-1ndormit</strong></span> <span class='ocrx_word' id='word_1_67' title='bbox 585 1056 661 1076; x_wconf 83' lang='lat' dir='ltr'><strong>unc-</strong></span> 
     </span>
     <span class='ocr_line' id='line_1_15' title="bbox 83 1091 660 1123; baseline 0.002 -1"><span class='ocrx_word' id='word_1_68' title='bbox 83 1091 125 1122; x_wconf 76' lang='lat' dir='ltr'><strong>eis</strong></span> <span class='ocrx_word' id='word_1_69' title='bbox 144 1091 286 1122; x_wconf 84' lang='lat' dir='ltr'><strong>omnium</strong></span> <span class='ocrx_word' id='word_1_70' title='bbox 313 1091 465 1122; x_wconf 80' lang='lat' dir='ltr'><strong>cubilibus</strong></span> <span class='ocrx_word' id='word_1_71' title='bbox 498 1092 660 1123; x_wconf 74' lang='lat' dir='ltr'><strong>Oblivione</strong></span> 
     </span>
     <span class='ocr_line' id='line_1_16' title="bbox 77 1138 660 1179; baseline 0.002 -11"><span class='ocrx_word' id='word_1_72' title='bbox 77 1138 234 1179; x_wconf 80' lang='lat' dir='ltr'><em>pellicum</em></span> <span class='ocrx_word' id='word_1_73' title='bbox 245 1149 257 1168; x_wconf 92' lang='lat'><strong>.·</strong></span> <span class='ocrx_word' id='word_1_74' title='bbox 269 1139 315 1169; x_wconf 80' lang='lat' dir='ltr'><strong>sic</strong></span> <span class='ocrx_word' id='word_1_75' title='bbox 332 1150 428 1170; x_wconf 81' lang='lat' dir='ltr'><strong>voces</strong></span> <span class='ocrx_word' id='word_1_76' title='bbox 443 1139 557 1170; x_wconf 90' lang='lat' dir='ltr'><strong>ordina</strong></span> <span class='ocrx_word' id='word_1_77' title='bbox 569 1150 577 1171; x_wconf 93' lang='lat'>:</span> <span class='ocrx_word' id='word_1_78' title='bbox 588 1139 660 1170; x_wconf 89' lang='lat' dir='ltr'><strong>dor-</strong></span> 
     </span>
     <span class='ocr_line' id='line_1_17' title="bbox 81 1185 658 1218; baseline 0.002 -2"><span class='ocrx_word' id='word_1_79' title='bbox 81 1186 141 1216; x_wconf 85' lang='lat' dir='ltr'><strong>mit</strong></span> <span class='ocrx_word' id='word_1_80' title='bbox 149 1186 185 1215; x_wconf 87' lang='lat' dir='ltr'><strong>in</strong></span> <span class='ocrx_word' id='word_1_81' title='bbox 194 1185 358 1216; x_wconf 82' lang='lat' dir='ltr'><strong>cubilibus</strong></span> <span class='ocrx_word' id='word_1_82' title='bbox 373 1187 480 1217; x_wconf 79' lang='lat' dir='ltr'><strong>unctis</strong></span> <span class='ocrx_word' id='word_1_83' title='bbox 489 1187 658 1218; x_wconf 70' lang='lat' dir='ltr'><strong>oblivione</strong></span> 
     </span>
     <span class='ocr_line' id='line_1_18' title="bbox 61 1233 659 1283; baseline 0.003 -21"><span class='ocrx_word' id='word_1_84' title='bbox 61 1274 65 1283; x_wconf 37' lang='lat'>⁴</span> <span class='ocrx_word' id='word_1_85' title='bbox 80 1233 228 1263; x_wconf 88' lang='lat' dir='ltr'><strong>omnium</strong></span> <span class='ocrx_word' id='word_1_86' title='bbox 248 1233 424 1275; x_wconf 87' lang='lat' dir='ltr'><strong>pellicnm;</strong></span> <span class='ocrx_word' id='word_1_87' title='bbox 442 1233 475 1264; x_wconf 86' lang='lat' dir='ltr'><strong>h.</strong></span> <span class='ocrx_word' id='word_1_88' title='bbox 493 1244 521 1265; x_wconf 89' lang='lat' dir='ltr'><strong>e.</strong></span> <span class='ocrx_word' id='word_1_89' title='bbox 536 1234 659 1266; x_wconf 87' lang='lat' dir='ltr'><strong>dormit</strong></span> 
     </span>
     <span class='ocr_line' id='line_1_19' title="bbox 79 1281 658 1319; baseline 0.003 -11"><span class='ocrx_word' id='word_1_90' title='bbox 79 1289 212 1310; x_wconf 78' lang='lat' dir='ltr'><strong>securus</strong></span> <span class='ocrx_word' id='word_1_91' title='bbox 222 1281 296 1319; x_wconf 84' lang='lat' dir='ltr'><strong>mei,</strong></span> <span class='ocrx_word' id='word_1_92' title='bbox 314 1287 347 1310; x_wconf 88' lang='lat' dir='ltr'><strong>et</strong></span> <span class='ocrx_word' id='word_1_93' title='bbox 364 1281 512 1310; x_wconf 88' lang='lat' dir='ltr'><strong>omnium</strong></span> <span class='ocrx_word' id='word_1_94' title='bbox 525 1291 658 1311; x_wconf 80' lang='lat' dir='ltr'><strong>suarum</strong></span> 
     </span>
     <span class='ocr_line' id='line_1_20' title="bbox 76 1325 658 1368; baseline 0.002 -12"><span class='ocrx_word' id='word_1_95' title='bbox 76 1325 231 1368; x_wconf 81' lang='lat' dir='ltr'>pellicum</span> <span class='ocrx_word' id='word_1_96' title='bbox 257 1337 366 1358; x_wconf 85' lang='lat' dir='ltr'><strong>amore</strong></span> <span class='ocrx_word' id='word_1_97' title='bbox 392 1327 528 1359; x_wconf 82' lang='lat' dir='ltr'><strong>solutus.</strong></span> <span class='ocrx_word' id='word_1_98' title='bbox 548 1327 658 1358; x_wconf 83' lang='lat' dir='ltr'><strong>Verba</strong></span> 
     </span>
     <span class='ocr_line' id='line_1_21' title="bbox 79 1372 660 1416; baseline 0.002 -13"><span class='ocrx_word' id='word_1_99' title='bbox 79 1379 157 1403; x_wconf 76' lang='lat' dir='ltr'><strong>mut</strong></span> <span class='ocrx_word' id='word_1_100' title='bbox 171 1372 324 1404; x_wconf 84' lang='lat' dir='ltr'><strong>veueficae</strong></span> <span class='ocrx_word' id='word_1_101' title='bbox 338 1374 473 1404; x_wconf 76' lang='lat' dir='ltr'><strong>omnino</strong></span> <span class='ocrx_word' id='word_1_102' title='bbox 489 1374 660 1416; x_wconf 85' lang='lat' dir='ltr'><strong>desperan-</strong></span> 
     </span>
     <span class='ocr_line' id='line_1_22' title="bbox 81 1419 660 1452; baseline 0.002 -2"><span class='ocrx_word' id='word_1_103' title='bbox 81 1420 136 1451; x_wconf 76' lang='lat' dir='ltr'><strong>tis.</strong></span> <span class='ocrx_word' id='word_1_104' title='bbox 149 1420 226 1452; x_wconf 87' lang='lat' dir='ltr'><strong>Non</strong></span> <span class='ocrx_word' id='word_1_105' title='bbox 234 1419 342 1451; x_wconf 73' lang='lat' dir='ltr'><strong>solum</strong></span> <span class='ocrx_word' id='word_1_106' title='bbox 358 1423 483 1451; x_wconf 88' lang='lat' dir='ltr'><strong>Varum</strong></span> <span class='ocrx_word' id='word_1_107' title='bbox 501 1420 541 1451; x_wconf 86' lang='lat' dir='ltr'><strong>ad</strong></span> <span class='ocrx_word' id='word_1_108' title='bbox 559 1431 593 1451; x_wconf 87' lang='lat' dir='ltr'><strong>se</strong></span> <span class='ocrx_word' id='word_1_109' title='bbox 608 1432 660 1451; x_wconf 85' lang='lat' dir='ltr'><strong>ve·</strong></span> 
     </span>
     <span class='ocr_line' id='line_1_23' title="bbox 80 1467 660 1510; baseline 0 -13"><span class='ocrx_word' id='word_1_110' title='bbox 80 1467 152 1497; x_wconf 77' lang='lat' dir='ltr'><strong>nire</strong></span> <span class='ocrx_word' id='word_1_111' title='bbox 166 1477 235 1498; x_wconf 87' lang='lat' dir='ltr'><strong>uon</strong></span> <span class='ocrx_word' id='word_1_112' title='bbox 251 1469 373 1510; x_wconf 76' lang='lat' dir='ltr'><strong>coegit,</strong></span> <span class='ocrx_word' id='word_1_113' title='bbox 388 1467 445 1497; x_wconf 88' lang='lat' dir='ltr'><strong>sed</strong></span> <span class='ocrx_word' id='word_1_114' title='bbox 465 1478 507 1498; x_wconf 89' lang='lat' dir='ltr'><strong>ue</strong></span> <span class='ocrx_word' id='word_1_115' title='bbox 530 1467 565 1498; x_wconf 86' lang='lat' dir='ltr'><strong>id</strong></span> <span class='ocrx_word' id='word_1_116' title='bbox 588 1469 660 1509; x_wconf 88' lang='lat' dir='ltr'><strong>qui-</strong></span> 
     </span>
     <span class='ocr_line' id='line_1_24' title="bbox 82 1512 660 1545; baseline 0.002 -2"><span class='ocrx_word' id='word_1_117' title='bbox 82 1512 156 1544; x_wconf 68' lang='lat' dir='ltr'><strong>dem</strong></span> <span class='ocrx_word' id='word_1_118' title='bbox 177 1513 313 1545; x_wconf 85' lang='lat' dir='ltr'><strong>ultionis</strong></span> <span class='ocrx_word' id='word_1_119' title='bbox 340 1514 485 1545; x_wconf 86' lang='lat' dir='ltr'><strong>obtinuit</strong></span> <span class='ocrx_word' id='word_1_120' title='bbox 517 1521 555 1544; x_wconf 90' lang='lat' dir='ltr'><strong>ut</strong></span> <span class='ocrx_word' id='word_1_121' title='bbox 575 1514 594 1545; x_wconf 71' lang='grc' dir='ltr'>ὲ</span> <span class='ocrx_word' id='word_1_122' title='bbox 610 1525 660 1544; x_wconf 91' lang='lat' dir='ltr'><strong>ca-</strong></span> 
     </span>
     <span class='ocr_line' id='line_1_25' title="bbox 82 1559 658 1599; baseline 0.003 -9"><span class='ocrx_word' id='word_1_123' title='bbox 82 1559 180 1590; x_wconf 77' lang='lat' dir='ltr'><strong>nibus</strong></span> <span class='ocrx_word' id='word_1_124' title='bbox 197 1560 393 1599; x_wconf 70' lang='lat' dir='ltr'><strong>Subur-ania,</strong></span> <span class='ocrx_word' id='word_1_125' title='bbox 421 1568 604 1592; x_wconf 87' lang='lat' dir='ltr'><strong>scortorum</strong></span> <span class='ocrx_word' id='word_1_126' title='bbox 621 1561 658 1592; x_wconf 67' lang='lat' dir='ltr'><strong>ea</strong></span> 
     </span>
     <span class='ocr_line' id='line_1_26' title="bbox 82 1607 659 1646; baseline 0.003 -9"><span class='ocrx_word' id='word_1_127' title='bbox 82 1613 178 1638; x_wconf 88' lang='lat' dir='ltr'><strong>nocte</strong></span> <span class='ocrx_word' id='word_1_128' title='bbox 187 1608 367 1646; x_wconf 85' lang='lat' dir='ltr'><strong>immemor,</strong></span> <span class='ocrx_word' id='word_1_129' title='bbox 378 1607 589 1639; x_wconf 72' lang='lat' dir='ltr'><strong>allati-aretur.</strong></span> <span class='ocrx_word' id='word_1_130' title='bbox 603 1610 659 1639; x_wconf 83' lang='lat' dir='ltr'><strong>At-</strong></span> 
     </span>
     <span class='ocr_line' id='line_1_27' title="bbox 82 1652 657 1696; baseline 0.003 -12"><span class='ocrx_word' id='word_1_131' title='bbox 82 1652 180 1684; x_wconf 83' lang='lat' dir='ltr'><strong>tende</strong></span> <span class='ocrx_word' id='word_1_132' title='bbox 197 1653 238 1684; x_wconf 85' lang='lat' dir='ltr'><strong>ad</strong></span> <span class='ocrx_word' id='word_1_133' title='bbox 261 1654 330 1685; x_wconf 81' lang='lat' dir='ltr'><strong>haec</strong></span> <span class='ocrx_word' id='word_1_134' title='bbox 346 1655 444 1685; x_wconf 84' lang='lat' dir='ltr'><strong>verba</strong></span> <span class='ocrx_word' id='word_1_135' title='bbox 465 1665 538 1696; x_wconf 87' lang='lat' dir='ltr'><strong>quae</strong></span> <span class='ocrx_word' id='word_1_136' title='bbox 559 1665 657 1686; x_wconf 86' lang='lat' dir='ltr'><strong>vene-</strong></span> 
     </span>
     <span class='ocr_line' id='line_1_28' title="bbox 82 1698 657 1744; baseline 0.002 -13"><span class='ocrx_word' id='word_1_137' title='bbox 82 1698 177 1731; x_wconf 74' lang='lat' dir='ltr'><strong>licam</strong></span> <span class='ocrx_word' id='word_1_138' title='bbox 186 1701 377 1743; x_wconf 84' lang='lat' dir='ltr'><strong>loquentem</strong></span> <span class='ocrx_word' id='word_1_139' title='bbox 388 1709 528 1744; x_wconf 86' lang='lat' dir='ltr'><strong>arguunt</strong></span> <span class='ocrx_word' id='word_1_140' title='bbox 540 1712 549 1734; x_wconf 74' lang='grc' dir='ltr'><strong><em>ε</em></strong></span> <span class='ocrx_word' id='word_1_141' title='bbox 565 1702 657 1733; x_wconf 83' lang='lat' dir='ltr'><strong>Cubi-</strong></span> 
     </span>
     <span class='ocr_line' id='line_1_29' title="bbox 83 1747 655 1789; baseline 0.003 -11"><span class='ocrx_word' id='word_1_142' title='bbox 83 1747 130 1778; x_wconf 74' lang='lat' dir='ltr'><strong>lt’a</strong></span> <span class='ocrx_word' id='word_1_143' title='bbox 144 1755 245 1779; x_wconf 74' lang='lat' dir='ltr'><strong>uncta</strong></span> <span class='ocrx_word' id='word_1_144' title='bbox 262 1747 436 1785; x_wconf 75' lang='lat' dir='ltr'><strong>oblivione,</strong></span> <span class='ocrx_word' id='word_1_145' title='bbox 461 1749 551 1789; x_wconf 82' lang='lat' dir='ltr'><strong>quasi</strong></span> <span class='ocrx_word' id='word_1_146' title='bbox 570 1760 655 1780; x_wconf 82' lang='lat' dir='ltr'><strong>som-</strong></span> 
     </span>
     <span class='ocr_line' id='line_1_30' title="bbox 83 1796 658 1837; baseline 0 -11"><span class='ocrx_word' id='word_1_147' title='bbox 83 1805 144 1826; x_wconf 84' lang='lat' dir='ltr'><strong>nus</strong></span> <span class='ocrx_word' id='word_1_148' title='bbox 158 1805 257 1837; x_wconf 86' lang='lat' dir='ltr'><strong>quem</strong></span> <span class='ocrx_word' id='word_1_149' title='bbox 271 1799 395 1826; x_wconf 63' lang='lat' dir='ltr'><strong>*natura</strong></span> <span class='ocrx_word' id='word_1_150' title='bbox 418 1797 508 1826; x_wconf 81' lang='lat' dir='ltr'><strong>Varo</strong></span> <span class='ocrx_word' id='word_1_151' title='bbox 527 1796 637 1827; x_wconf 76' lang='lat' dir='ltr'><strong>attulit</strong></span> <span class='ocrx_word' id='word_1_152' title='bbox 649 1819 658 1834; x_wconf 93' lang='lat'>,</span> 
     </span>
     <span class='ocr_line' id='line_1_31' title="bbox 82 1841 659 1885; baseline 0 -13"><span class='ocrx_word' id='word_1_153' title='bbox 82 1841 143 1872; x_wconf 82' lang='lat' dir='ltr'><strong>soli</strong></span> <span class='ocrx_word' id='word_1_154' title='bbox 155 1843 216 1873; x_wconf 77' lang='lat' dir='ltr'><strong>arti</strong></span> <span class='ocrx_word' id='word_1_155' title='bbox 229 1843 358 1885; x_wconf 79' lang='lat' dir='ltr'><strong>magicae</strong></span> <span class='ocrx_word' id='word_1_156' title='bbox 368 1849 399 1872; x_wconf 91' lang='lat' dir='ltr'><strong>et</strong></span> <span class='ocrx_word' id='word_1_157' title='bbox 415 1849 659 1884; x_wconf 83' lang='lat' dir='ltr'><strong>unguentorum</strong></span> 
     </span>
     <span class='ocr_line' id='line_1_32' title="bbox 82 1888 660 1926; baseline 0.003 -7"><span class='ocrx_word' id='word_1_158' title='bbox 82 1890 168 1926; x_wconf 76' lang='lat' dir='ltr'><strong>usui,</strong></span> <span class='ocrx_word' id='word_1_159' title='bbox 193 1889 229 1920; x_wconf 91' lang='lat' dir='ltr'><strong>in</strong></span> <span class='ocrx_word' id='word_1_160' title='bbox 242 1888 279 1920; x_wconf 64' lang='lat' dir='ltr'><strong>ei</strong></span> <span class='ocrx_word' id='word_1_161' title='bbox 293 1890 462 1920; x_wconf 85' lang='lat' dir='ltr'><strong>occasione</strong></span> <span class='ocrx_word' id='word_1_162' title='bbox 476 1889 660 1922; x_wconf 75' lang='lat' dir='ltr'><strong>deberetur,</strong></span> 
     </span>
     <span class='ocr_line' id='line_1_33' title="bbox 82 1935 661 1978; baseline 0 -12"><span class='ocrx_word' id='word_1_163' title='bbox 82 1952 130 1959; x_wconf 89' lang='lat'><strong>-—</strong></span> <span class='ocrx_word' id='word_1_164' title='bbox 147 1935 227 1967; x_wconf 57' lang='lat' dir='ltr'><strong>Ali!</strong></span> <span class='ocrx_word' id='word_1_165' title='bbox 245 1935 314 1966; x_wconf 75' lang='lat' dir='ltr'><strong>ali!</strong></span> <span class='ocrx_word' id='word_1_166' title='bbox 335 1936 513 1967; x_wconf 85' lang='lat' dir='ltr'><strong>indolentis</strong></span> <span class='ocrx_word' id='word_1_167' title='bbox 531 1943 563 1966; x_wconf 86' lang='lat' dir='ltr'><strong>et</strong></span> <span class='ocrx_word' id='word_1_168' title='bbox 588 1947 661 1978; x_wconf 85' lang='lat' dir='ltr'><strong>gra-</strong></span> 
     </span>
     <span class='ocr_line' id='line_1_34' title="bbox 83 1982 663 2026; baseline 0.005 -14"><span class='ocrx_word' id='word_1_169' title='bbox 83 1982 166 2013; x_wconf 70' lang='lat' dir='ltr'><strong>viter</strong></span> <span class='ocrx_word' id='word_1_170' title='bbox 189 1982 386 2026; x_wconf 80' lang='lat' dir='ltr'><strong>indignantis</strong></span> <span class='ocrx_word' id='word_1_171' title='bbox 400 1983 600 2015; x_wconf 80' lang='lat' dir='ltr'><strong>exclamatio.</strong></span> <span class='ocrx_word' id='word_1_172' title='bbox 613 2002 663 2007; x_wconf 97' lang='lat'><strong>—</strong></span> 
     </span>
     <span class='ocr_line' id='line_1_35' title="bbox 85 2029 661 2072; baseline 0.005 -13"><span class='ocrx_word' id='word_1_173' title='bbox 85 2029 240 2061; x_wconf 76' lang='lat' dir='ltr'><strong>Ambulac</strong></span> <span class='ocrx_word' id='word_1_174' title='bbox 252 2041 264 2060; x_wconf 93' lang='lat'><strong>.·</strong></span> <span class='ocrx_word' id='word_1_175' title='bbox 282 2041 350 2061; x_wconf 89' lang='lat' dir='ltr'><strong>non</strong></span> <span class='ocrx_word' id='word_1_176' title='bbox 363 2030 496 2071; x_wconf 77' lang='lat' dir='ltr'><strong>praecise</strong></span> <span class='ocrx_word' id='word_1_177' title='bbox 506 2053 518 2067; x_wconf 92' lang='lat'>‚</span> <span class='ocrx_word' id='word_1_178' title='bbox 535 2041 574 2061; x_wconf 88' lang='lat' dir='ltr'><strong>eo</strong></span> <span class='ocrx_word' id='word_1_179' title='bbox 589 2031 661 2072; x_wconf 86' lang='lat' dir='ltr'><strong>ipso</strong></span> 
     </span>
     <span class='ocr_line' id='line_1_36' title="bbox 85 2077 661 2118; baseline 0 -11"><span class='ocrx_word' id='word_1_180' title='bbox 85 2083 250 2108; x_wconf 85' lang='lat' dir='ltr'><strong>momento</strong></span> <span class='ocrx_word' id='word_1_181' title='bbox 271 2088 339 2118; x_wconf 89' lang='lat' dir='ltr'><strong>quo</strong></span> <span class='ocrx_word' id='word_1_182' title='bbox 355 2077 487 2109; x_wconf 84' lang='lat' dir='ltr'><strong>Canidia</strong></span> <span class='ocrx_word' id='word_1_183' title='bbox 504 2077 661 2118; x_wconf 77' lang='lat' dir='ltr'><strong>loquitur,</strong></span> 
     </span>
     <span class='ocr_line' id='line_1_37' title="bbox 85 2122 662 2162; baseline 0.003 -10"><span class='ocrx_word' id='word_1_184' title='bbox 85 2124 190 2154; x_wconf 77' lang='lat' dir='ltr'><strong>varus</strong></span> <span class='ocrx_word' id='word_1_185' title='bbox 199 2123 357 2162; x_wconf 80' lang='lat' dir='ltr'><strong>ambulat,</strong></span> <span class='ocrx_word' id='word_1_186' title='bbox 370 2122 445 2154; x_wconf 73' lang='lat' dir='ltr'><strong>cum</strong></span> <span class='ocrx_word' id='word_1_187' title='bbox 459 2123 573 2154; x_wconf 87' lang='lat' dir='ltr'><strong>eodem</strong></span> <span class='ocrx_word' id='word_1_188' title='bbox 583 2130 662 2154; x_wconf 90' lang='lat' dir='ltr'><strong>tem·</strong></span> 
     </span>
     <span class='ocr_line' id='line_1_38' title="bbox 86 2170 660 2210; baseline 0.002 -10"><span class='ocrx_word' id='word_1_189' title='bbox 86 2179 166 2210; x_wconf 85' lang='lat' dir='ltr'><strong>pore</strong></span> <span class='ocrx_word' id='word_1_190' title='bbox 176 2171 212 2200; x_wconf 87' lang='lat' dir='ltr'><strong>in</strong></span> <span class='ocrx_word' id='word_1_191' title='bbox 219 2171 320 2201; x_wconf 89' lang='lat' dir='ltr'><strong>cubili</strong></span> <span class='ocrx_word' id='word_1_192' title='bbox 327 2182 388 2201; x_wconf 85' lang='lat' dir='ltr'><strong>suo</strong></span> <span class='ocrx_word' id='word_1_193' title='bbox 401 2170 542 2201; x_wconf 85' lang='lat' dir='ltr'><strong>dormire</strong></span> <span class='ocrx_word' id='word_1_194' title='bbox 555 2171 660 2201; x_wconf 81' lang='lat' dir='ltr'><strong>dictus</strong></span> 
     </span>
     <span class='ocr_line' id='line_1_39' title="bbox 88 2215 661 2255; baseline 0.002 -9"><span class='ocrx_word' id='word_1_195' title='bbox 88 2215 201 2254; x_wconf 75' lang='lat' dir='ltr'><strong>fuerit3</strong></span> <span class='ocrx_word' id='word_1_196' title='bbox 215 2217 271 2247; x_wconf 85' lang='lat' dir='ltr'><strong>sed</strong></span> <span class='ocrx_word' id='word_1_197' title='bbox 282 2216 357 2248; x_wconf 75' lang='lat' dir='ltr'><strong>curn</strong></span> <span class='ocrx_word' id='word_1_198' title='bbox 381 2218 422 2248; x_wconf 87' lang='lat' dir='ltr'><strong>sit</strong></span> <span class='ocrx_word' id='word_1_199' title='bbox 444 2217 484 2247; x_wconf 89' lang='lat' dir='ltr'><strong>ab</strong></span> <span class='ocrx_word' id='word_1_200' title='bbox 508 2219 577 2255; x_wconf 83' lang='lat' dir='ltr'><strong>ejus</strong></span> <span class='ocrx_word' id='word_1_201' title='bbox 590 2219 661 2247; x_wconf 87' lang='lat' dir='ltr'><strong>viu-</strong></span> 
     </span>
     <span class='ocr_line' id='line_1_40' title="bbox 89 2263 661 2305; baseline 0.003 -13"><span class='ocrx_word' id='word_1_202' title='bbox 89 2263 171 2293; x_wconf 80' lang='lat' dir='ltr'><strong>eulis</strong></span> <span class='ocrx_word' id='word_1_203' title='bbox 182 2263 307 2295; x_wconf 74' lang='lat' dir='ltr'><strong>solutus</strong></span> <span class='ocrx_word' id='word_1_204' title='bbox 317 2287 327 2302; x_wconf 92' lang='lat'>‚</span> <span class='ocrx_word' id='word_1_205' title='bbox 341 2264 464 2295; x_wconf 72' lang='lat' dir='ltr'><strong>idcirco</strong></span> <span class='ocrx_word' id='word_1_206' title='bbox 478 2275 536 2305; x_wconf 89' lang='lat' dir='ltr'><strong>per</strong></span> <span class='ocrx_word' id='word_1_207' title='bbox 555 2270 661 2294; x_wconf 84' lang='lat' dir='ltr'><strong>totum</strong></span> 
     </span>
     <span class='ocr_line' id='line_1_41' title="bbox 88 2308 662 2353; baseline 0.002 -13"><span class='ocrx_word' id='word_1_208' title='bbox 88 2308 192 2349; x_wconf 85' lang='lat' dir='ltr'><strong>diem,</strong></span> <span class='ocrx_word' id='word_1_209' title='bbox 205 2321 264 2352; x_wconf 86' lang='lat' dir='ltr'><strong>per</strong></span> <span class='ocrx_word' id='word_1_210' title='bbox 288 2317 452 2353; x_wconf 84' lang='lat' dir='ltr'><strong>totamque</strong></span> <span class='ocrx_word' id='word_1_211' title='bbox 467 2317 614 2349; x_wconf 87' lang='lat' dir='ltr'><strong>noctem,</strong></span> <span class='ocrx_word' id='word_1_212' title='bbox 633 2312 662 2341; x_wconf 87' lang='lat' dir='ltr'><strong>si</strong></span> 
     </span>
    </p>
   </div>
   <div class='ocr_carea' id='block_1_5' title="bbox 710 1044 1297 2352">
    <p class='ocr_par' dir='ltr' id='par_1_9' title="bbox 711 1044 1296 1218">
     <span class='ocr_line' id='line_1_42' title="bbox 711 1044 1294 1087; baseline 0.003 -11"><span class='ocrx_word' id='word_1_213' title='bbox 711 1045 866 1082; x_wconf 84' lang='lat' dir='ltr'><strong>libuerit,</strong></span> <span class='ocrx_word' id='word_1_214' title='bbox 892 1044 1057 1075; x_wconf 84' lang='lat' dir='ltr'><strong>ambulare</strong></span> <span class='ocrx_word' id='word_1_215' title='bbox 1082 1051 1200 1087; x_wconf 82' lang='lat' dir='ltr'><strong>potest.</strong></span> <span class='ocrx_word' id='word_1_216' title='bbox 1232 1047 1294 1078; x_wconf 89' lang='lat' dir='ltr'><strong>Per</strong></span> 
     </span>
     <span class='ocr_line' id='line_1_43' title="bbox 711 1092 1296 1130; baseline 0.003 -8"><span class='ocrx_word' id='word_1_217' title='bbox 711 1092 776 1123; x_wconf 88' lang='lat' dir='ltr'><strong>hoc</strong></span> <span class='ocrx_word' id='word_1_218' title='bbox 808 1092 964 1128; x_wconf 87' lang='lat' dir='ltr'><strong>verbum,</strong></span> <span class='ocrx_word' id='word_1_219' title='bbox 1001 1092 1167 1130; x_wconf 82' lang='lat' dir='ltr'><strong>ambulat,</strong></span> <span class='ocrx_word' id='word_1_220' title='bbox 1212 1093 1296 1124; x_wconf 88' lang='lat' dir='ltr'><strong>nihil</strong></span> 
     </span>
     <span class='ocr_line' id='line_1_44' title="bbox 711 1138 1294 1182; baseline 0.002 -13"><span class='ocrx_word' id='word_1_221' title='bbox 711 1139 802 1169; x_wconf 85' lang='lat' dir='ltr'><strong>aliud</strong></span> <span class='ocrx_word' id='word_1_222' title='bbox 825 1138 922 1181; x_wconf 57' lang='lat' dir='ltr'><strong>quiam</strong></span> <span class='ocrx_word' id='word_1_223' title='bbox 944 1138 1076 1170; x_wconf 81' lang='lat' dir='ltr'><strong>libertas</strong></span> <span class='ocrx_word' id='word_1_224' title='bbox 1094 1140 1174 1171; x_wconf 76' lang='lat' dir='ltr'><strong>Vari</strong></span> <span class='ocrx_word' id='word_1_225' title='bbox 1188 1139 1294 1182; x_wconf 81' lang='lat' dir='ltr'><strong>desig—</strong></span> 
     </span>
     <span class='ocr_line' id='line_1_45' title="bbox 711 1193 822 1218; baseline 0.018 -2"><span class='ocrx_word' id='word_1_226' title='bbox 711 1193 822 1218; x_wconf 79' lang='lat' dir='ltr'><strong>natur.</strong></span> 
     </span>
    </p>

    <p class='ocr_par' dir='ltr' id='par_1_10' title="bbox 710 1232 1297 2352">
     <span class='ocr_line' id='line_1_46' title="bbox 763 1232 1295 1275; baseline 0.002 -12"><span class='ocrx_word' id='word_1_227' title='bbox 763 1243 816 1264; x_wconf 79' lang='lat'><strong>12.</strong></span> <span class='ocrx_word' id='word_1_228' title='bbox 834 1233 912 1263; x_wconf 83' lang='lat' dir='ltr'><strong>Non</strong></span> <span class='ocrx_word' id='word_1_229' title='bbox 937 1232 1065 1263; x_wconf 77' lang='lat' dir='ltr'><strong>usitatis</strong></span> <span class='ocrx_word' id='word_1_230' title='bbox 1090 1233 1295 1275; x_wconf 78' lang='lat' dir='ltr'><strong>potionibus:</strong></span> 
     </span>
     <span class='ocr_line' id='line_1_47' title="bbox 711 1279 1293 1321; baseline 0.002 -11"><span class='ocrx_word' id='word_1_231' title='bbox 711 1279 883 1310; x_wconf 84' lang='lat' dir='ltr'><strong>deficiente</strong></span> <span class='ocrx_word' id='word_1_232' title='bbox 905 1280 1089 1321; x_wconf 87' lang='lat' dir='ltr'><strong>vulgarium</strong></span> <span class='ocrx_word' id='word_1_233' title='bbox 1117 1279 1293 1312; x_wconf 78' lang='lat' dir='ltr'><strong>veneficio-</strong></span> 
     </span>
     <span class='ocr_line' id='line_1_48' title="bbox 712 1326 1294 1368; baseline 0.003 -12"><span class='ocrx_word' id='word_1_234' title='bbox 712 1337 786 1357; x_wconf 87' lang='lat' dir='ltr'><strong>rum</strong></span> <span class='ocrx_word' id='word_1_235' title='bbox 813 1333 988 1368; x_wconf 79' lang='lat' dir='ltr'><strong>potestate,</strong></span> <span class='ocrx_word' id='word_1_236' title='bbox 1020 1329 1135 1358; x_wconf 81' lang='lat' dir='ltr'><strong>transit</strong></span> <span class='ocrx_word' id='word_1_237' title='bbox 1160 1326 1294 1359; x_wconf 76' lang='lat' dir='ltr'><strong>Canidia</strong></span> 
     </span>
     <span class='ocr_line' id='line_1_49' title="bbox 712 1373 1295 1415; baseline 0.003 -12"><span class='ocrx_word' id='word_1_238' title='bbox 712 1373 754 1403; x_wconf 80' lang='lat' dir='ltr'><strong>ad</strong></span> <span class='ocrx_word' id='word_1_239' title='bbox 780 1373 993 1405; x_wconf 80' lang='lat' dir='ltr'><strong>execrandam</strong></span> <span class='ocrx_word' id='word_1_240' title='bbox 1015 1374 1105 1404; x_wconf 87' lang='lat' dir='ltr'><strong>illam</strong></span> <span class='ocrx_word' id='word_1_241' title='bbox 1122 1375 1295 1415; x_wconf 83' lang='lat' dir='ltr'><strong>potionem</strong></span> 
     </span>
     <span class='ocr_line' id='line_1_50' title="bbox 712 1420 1293 1462; baseline 0.003 -12"><span class='ocrx_word' id='word_1_242' title='bbox 712 1420 730 1450; x_wconf 79' lang='grc' dir='ltr'><strong>ὲ</strong></span> <span class='ocrx_word' id='word_1_243' title='bbox 755 1420 894 1450; x_wconf 73' lang='lat' dir='ltr'><strong>medulla</strong></span> <span class='ocrx_word' id='word_1_244' title='bbox 917 1427 950 1450; x_wconf 88' lang='lat' dir='ltr'><strong>et</strong></span> <span class='ocrx_word' id='word_1_245' title='bbox 967 1423 1076 1460; x_wconf 86' lang='lat' dir='ltr'><strong>jecore</strong></span> <span class='ocrx_word' id='word_1_246' title='bbox 1096 1422 1190 1462; x_wconf 84' lang='lat' dir='ltr'><strong>pueri</strong></span> <span class='ocrx_word' id='word_1_247' title='bbox 1214 1421 1293 1452; x_wconf 74' lang='lat' dir='ltr'><strong>mox</strong></span> 
     </span>
     <span class='ocr_line' id='line_1_51' title="bbox 712 1466 1292 1511; baseline 0.003 -14"><span class='ocrx_word' id='word_1_248' title='bbox 712 1466 959 1498; x_wconf 84' lang='lat' dir='ltr'><strong>conficiendam.</strong></span> <span class='ocrx_word' id='word_1_249' title='bbox 973 1485 1022 1492; x_wconf 82' lang='lat'><strong>-——</strong></span> <span class='ocrx_word' id='word_1_250' title='bbox 1040 1468 1068 1498; x_wconf 95' lang='grc' dir='ltr'><em>Ο</em></span> <span class='ocrx_word' id='word_1_251' title='bbox 1081 1468 1292 1511; x_wconf 79' lang='lat' dir='ltr'><strong>multafletu·</strong></span> 
     </span>
     <span class='ocr_line' id='line_1_52' title="bbox 712 1515 1294 1559; baseline 0.003 -16"><span class='ocrx_word' id='word_1_252' title='bbox 712 1524 785 1544; x_wconf 82' lang='lat' dir='ltr'><strong>rum</strong></span> <span class='ocrx_word' id='word_1_253' title='bbox 801 1517 924 1555; x_wconf 81' lang='lat' dir='ltr'><strong>caput!</strong></span> <span class='ocrx_word' id='word_1_254' title='bbox 940 1521 1048 1555; x_wconf 86' lang='lat' dir='ltr'><strong>eaput,</strong></span> <span class='ocrx_word' id='word_1_255' title='bbox 1062 1525 1123 1556; x_wconf 90' lang='lat' dir='ltr'><strong>pro</strong></span> <span class='ocrx_word' id='word_1_256' title='bbox 1135 1515 1206 1559; x_wconf 71' lang='lat' dir='ltr'><strong>ipsa</strong></span> <span class='ocrx_word' id='word_1_257' title='bbox 1223 1526 1294 1557; x_wconf 81' lang='lat' dir='ltr'><strong>per-</strong></span> 
     </span>
     <span class='ocr_line' id='line_1_53' title="bbox 712 1561 1293 1603; baseline 0.002 -12"><span class='ocrx_word' id='word_1_258' title='bbox 712 1561 791 1591; x_wconf 66' lang='lat' dir='ltr'><strong>sona</strong></span> <span class='ocrx_word' id='word_1_259' title='bbox 801 1562 885 1602; x_wconf 73' lang='lat' dir='ltr'><strong>saepe</strong></span> <span class='ocrx_word' id='word_1_260' title='bbox 895 1563 1071 1603; x_wconf 78' lang='lat' dir='ltr'><strong>accipitur3</strong></span> <span class='ocrx_word' id='word_1_261' title='bbox 1089 1569 1166 1603; x_wconf 81' lang='lat' dir='ltr'><strong>quot</strong></span> <span class='ocrx_word' id='word_1_262' title='bbox 1181 1562 1293 1603; x_wconf 77' lang='lat' dir='ltr'><strong>capita</strong></span> 
     </span>
     <span class='ocr_line' id='line_1_54' title="bbox 713 1608 1289 1649; baseline 0.002 -11"><span class='ocrx_word' id='word_1_263' title='bbox 713 1614 762 1638; x_wconf 81' lang='lat' dir='ltr'><strong>tot</strong></span> <span class='ocrx_word' id='word_1_264' title='bbox 778 1619 900 1645; x_wconf 85' lang='lat' dir='ltr'><strong>sensus,</strong></span> <span class='ocrx_word' id='word_1_265' title='bbox 928 1619 1001 1649; x_wconf 90' lang='lat' dir='ltr'><strong>pro,</strong></span> <span class='ocrx_word' id='word_1_266' title='bbox 1025 1616 1105 1649; x_wconf 78' lang='lat' dir='ltr'><strong>quoe</strong></span> <span class='ocrx_word' id='word_1_267' title='bbox 1131 1608 1289 1646; x_wconf 76' lang='lat' dir='ltr'><strong>homines,</strong></span> 
     </span>
     <span class='ocr_line' id='line_1_55' title="bbox 716 1655 1295 1687; baseline 0.003 -2"><span class='ocrx_word' id='word_1_268' title='bbox 716 1661 779 1686; x_wconf 90' lang='lat' dir='ltr'><strong>etc.</strong></span> <span class='ocrx_word' id='word_1_269' title='bbox 795 1655 877 1685; x_wconf 84' lang='lat' dir='ltr'><strong>mala</strong></span> <span class='ocrx_word' id='word_1_270' title='bbox 902 1655 1035 1686; x_wconf 88' lang='lat' dir='ltr'><strong>horrida</strong></span> <span class='ocrx_word' id='word_1_271' title='bbox 1053 1655 1158 1687; x_wconf 86' lang='lat' dir='ltr'><strong>infido</strong></span> <span class='ocrx_word' id='word_1_272' title='bbox 1174 1657 1295 1687; x_wconf 80' lang='lat' dir='ltr'><strong>amanti</strong></span> 
     </span>
     <span class='ocr_line' id='line_1_56' title="bbox 715 1702 1293 1744; baseline 0 -12"><span class='ocrx_word' id='word_1_273' title='bbox 715 1702 894 1744; x_wconf 86' lang='lat' dir='ltr'><strong>portendit.</strong></span> <span class='ocrx_word' id='word_1_274' title='bbox 912 1719 960 1726; x_wconf 91' lang='lat'><strong>-—-</strong></span> <span class='ocrx_word' id='word_1_275' title='bbox 982 1702 1040 1732; x_wconf 85' lang='lat' dir='ltr'><strong>Ad</strong></span> <span class='ocrx_word' id='word_1_276' title='bbox 1062 1713 1114 1732; x_wconf 86' lang='lat' dir='ltr'><strong>me</strong></span> <span class='ocrx_word' id='word_1_277' title='bbox 1130 1714 1293 1734; x_wconf 80' lang='lat' dir='ltr'><strong>recurres:</strong></span> 
     </span>
     <span class='ocr_line' id='line_1_57' title="bbox 710 1749 1295 1791; baseline 0.003 -12"><span class='ocrx_word' id='word_1_278' title='bbox 710 1750 834 1779; x_wconf 85' lang='lat' dir='ltr'><strong>invitus</strong></span> <span class='ocrx_word' id='word_1_279' title='bbox 846 1771 854 1786; x_wconf 95' lang='lat'>,</span> <span class='ocrx_word' id='word_1_280' title='bbox 872 1749 905 1779; x_wconf 88' lang='lat' dir='ltr'><strong>vi</strong></span> <span class='ocrx_word' id='word_1_281' title='bbox 937 1759 1032 1780; x_wconf 83' lang='lat' dir='ltr'><strong>uovae</strong></span> <span class='ocrx_word' id='word_1_282' title='bbox 1066 1749 1203 1788; x_wconf 78' lang='lat' dir='ltr'><strong>hujusce</strong></span> <span class='ocrx_word' id='word_1_283' title='bbox 1236 1760 1295 1791; x_wconf 87' lang='lat' dir='ltr'><strong>po·</strong></span> 
     </span>
     <span class='ocr_line' id='line_1_58' title="bbox 712 1795 1297 1829; baseline 0.002 -3"><span class='ocrx_word' id='word_1_284' title='bbox 712 1796 810 1826; x_wconf 84' lang='lat' dir='ltr'><strong>tionis</strong></span> <span class='ocrx_word' id='word_1_285' title='bbox 820 1795 977 1826; x_wconf 66' lang='lat' dir='ltr'><strong>violentia</strong></span> <span class='ocrx_word' id='word_1_286' title='bbox 991 1795 1155 1828; x_wconf 80' lang='lat' dir='ltr'><strong>subactus.</strong></span> <span class='ocrx_word' id='word_1_287' title='bbox 1165 1814 1214 1821; x_wconf 92' lang='lat'><strong>—-</strong></span> <span class='ocrx_word' id='word_1_288' title='bbox 1223 1798 1297 1829; x_wconf 73' lang='lat' dir='ltr'><strong>Nec</strong></span> 
     </span>
     <span class='ocr_line' id='line_1_59' title="bbox 712 1839 1292 1874; baseline 0.003 -2"><span class='ocrx_word' id='word_1_289' title='bbox 712 1850 837 1873; x_wconf 80' lang='lat' dir='ltr'><strong>vocata</strong></span> <span class='ocrx_word' id='word_1_290' title='bbox 853 1853 946 1872; x_wconf 85' lang='lat' dir='ltr'><strong>mens</strong></span> <span class='ocrx_word' id='word_1_291' title='bbox 961 1850 1019 1872; x_wconf 82' lang='lat' dir='ltr'><strong>cua</strong></span> <span class='ocrx_word' id='word_1_292' title='bbox 1032 1853 1044 1873; x_wconf 83' lang='lat'><strong>.-</strong></span> <span class='ocrx_word' id='word_1_293' title='bbox 1061 1853 1122 1873; x_wconf 91' lang='lat' dir='ltr'><strong>nec</strong></span> <span class='ocrx_word' id='word_1_294' title='bbox 1139 1839 1223 1874; x_wconf 76' lang='lat' dir='ltr'><strong>ratio</strong></span> <span class='ocrx_word' id='word_1_295' title='bbox 1238 1850 1292 1874; x_wconf 84' lang='lat' dir='ltr'><strong>tna</strong></span> 
     </span>
     <span class='ocr_line' id='line_1_60' title="bbox 714 1889 1294 1932; baseline 0.002 -12"><span class='ocrx_word' id='word_1_296' title='bbox 714 1889 808 1928; x_wconf 82' lang='lat' dir='ltr'><strong>eujus</strong></span> <span class='ocrx_word' id='word_1_297' title='bbox 832 1889 974 1920; x_wconf 86' lang='lat' dir='ltr'><strong>reditum</strong></span> <span class='ocrx_word' id='word_1_298' title='bbox 1000 1890 1118 1920; x_wconf 83' lang='lat' dir='ltr'><strong>frustra</strong></span> <span class='ocrx_word' id='word_1_299' title='bbox 1140 1891 1294 1932; x_wconf 87' lang='lat' dir='ltr'><strong>implora-</strong></span> 
     </span>
     <span class='ocr_line' id='line_1_61' title="bbox 714 1936 1294 1980; baseline 0.003 -14"><span class='ocrx_word' id='word_1_300' title='bbox 714 1936 781 1974; x_wconf 88' lang='lat' dir='ltr'><strong>bis,</strong></span> <span class='ocrx_word' id='word_1_301' title='bbox 808 1936 986 1978; x_wconf 84' lang='lat' dir='ltr'><strong>quamlibet</strong></span> <span class='ocrx_word' id='word_1_302' title='bbox 1010 1943 1109 1967; x_wconf 88' lang='lat' dir='ltr'><strong>artem</strong></span> <span class='ocrx_word' id='word_1_303' title='bbox 1137 1939 1294 1980; x_wconf 84' lang='lat' dir='ltr'><strong>magicam</strong></span> 
     </span>
     <span class='ocr_line' id='line_1_62' title="bbox 715 1983 1296 2022; baseline 0.002 -8"><span class='ocrx_word' id='word_1_304' title='bbox 715 1983 884 2022; x_wconf 86' lang='lat' dir='ltr'><strong>adhibeas,</strong></span> <span class='ocrx_word' id='word_1_305' title='bbox 921 1983 982 2014; x_wconf 86' lang='lat' dir='ltr'><strong>tibi</strong></span> <span class='ocrx_word' id='word_1_306' title='bbox 1023 1984 1221 2016; x_wconf 84' lang='lat' dir='ltr'><strong>restituetur.</strong></span> <span class='ocrx_word' id='word_1_307' title='bbox 1246 2000 1296 2009; x_wconf 88' lang='lat'><strong>—-</strong></span> 
     </span>
     <span class='ocr_line' id='line_1_63' title="bbox 715 2029 1294 2072; baseline 0.002 -12"><span class='ocrx_word' id='word_1_308' title='bbox 715 2030 836 2060; x_wconf 81' lang='lat' dir='ltr'><strong>Marsis</strong></span> <span class='ocrx_word' id='word_1_309' title='bbox 859 2029 995 2060; x_wconf 78' lang='lat' dir='ltr'><strong>vocibus</strong></span> <span class='ocrx_word' id='word_1_310' title='bbox 1005 2041 1017 2060; x_wconf 88' lang='lat'><strong>.·</strong></span> <span class='ocrx_word' id='word_1_311' title='bbox 1031 2041 1092 2072; x_wconf 89' lang='lat' dir='ltr'><strong>pro</strong></span> <span class='ocrx_word' id='word_1_312' title='bbox 1107 2031 1294 2072; x_wconf 81' lang='lat' dir='ltr'><strong>quibusque</strong></span> 
     </span>
     <span class='ocr_line' id='line_1_64' title="bbox 714 2077 1294 2109; baseline 0.002 -2"><span class='ocrx_word' id='word_1_313' title='bbox 714 2077 1001 2109; x_wconf 79' lang='lat' dir='ltr'><strong>incantationibus.</strong></span> <span class='ocrx_word' id='word_1_314' title='bbox 1034 2078 1219 2108; x_wconf 82' lang='lat' dir='ltr'><strong>Marsorum</strong></span> <span class='ocrx_word' id='word_1_315' title='bbox 1245 2089 1294 2108; x_wconf 86' lang='lat' dir='ltr'><strong>re·</strong></span> 
     </span>
     <span class='ocr_line' id='line_1_65' title="bbox 715 2123 1295 2167; baseline 0.002 -14"><span class='ocrx_word' id='word_1_316' title='bbox 715 2125 769 2166; x_wconf 83' lang='lat' dir='ltr'><strong>gi⁰</strong></span> <span class='ocrx_word' id='word_1_317' title='bbox 788 2125 952 2155; x_wconf 85' lang='lat' dir='ltr'><strong>venenatis</strong></span> <span class='ocrx_word' id='word_1_318' title='bbox 974 2123 1084 2154; x_wconf 83' lang='lat' dir='ltr'><strong>herbis</strong></span> <span class='ocrx_word' id='word_1_319' title='bbox 1097 2131 1128 2155; x_wconf 89' lang='lat' dir='ltr'><strong>et</strong></span> <span class='ocrx_word' id='word_1_320' title='bbox 1142 2125 1295 2167; x_wconf 84' lang='lat' dir='ltr'><strong>serpenti-</strong></span> 
     </span>
     <span class='ocr_line' id='line_1_66' title="bbox 714 2170 1293 2203; baseline 0.002 -2"><span class='ocrx_word' id='word_1_321' title='bbox 714 2170 775 2201; x_wconf 89' lang='lat' dir='ltr'><strong>bus</strong></span> <span class='ocrx_word' id='word_1_322' title='bbox 821 2171 937 2201; x_wconf 84' lang='lat' dir='ltr'><strong>referta</strong></span> <span class='ocrx_word' id='word_1_323' title='bbox 975 2170 1168 2202; x_wconf 80' lang='lat' dir='ltr'><strong>habebatur.</strong></span> <span class='ocrx_word' id='word_1_324' title='bbox 1207 2171 1293 2203; x_wconf 80' lang='lat' dir='ltr'><strong>Hinc</strong></span> 
     </span>
     <span class='ocr_line' id='line_1_67' title="bbox 713 2217 1293 2259; baseline -0.003 -11"><span class='ocrx_word' id='word_1_325' title='bbox 713 2219 806 2259; x_wconf 84' lang='lat' dir='ltr'><strong>Virg.</strong></span> <span class='ocrx_word' id='word_1_326' title='bbox 827 2217 952 2249; x_wconf 78' lang='lat' dir='ltr'><strong>AEneid.</strong></span> <span class='ocrx_word' id='word_1_327' title='bbox 973 2219 1058 2255; x_wconf 82' lang='lat' dir='ltr'><strong>vu,</strong></span> <span class='ocrx_word' id='word_1_328' title='bbox 1086 2218 1151 2259; x_wconf 83' lang='lat'><strong>758</strong></span> <span class='ocrx_word' id='word_1_329' title='bbox 1172 2228 1180 2249; x_wconf 93' lang='lat'><strong>:</strong></span> <span class='ocrx_word' id='word_1_330' title='bbox 1206 2219 1293 2248; x_wconf 75' lang='lat' dir='ltr'><strong>Mar-</strong></span> 
     </span>
     <span class='ocr_line' id='line_1_68' title="bbox 713 2263 1291 2305; baseline 0.002 -12"><span class='ocrx_word' id='word_1_331' title='bbox 713 2263 756 2293; x_wconf 81' lang='lat' dir='ltr'><strong>sis</strong></span> <span class='ocrx_word' id='word_1_332' title='bbox 773 2264 919 2305; x_wconf 80' lang='lat' dir='ltr'><strong>qucesitoe</strong></span> <span class='ocrx_word' id='word_1_333' title='bbox 938 2264 971 2294; x_wconf 84' lang='lat' dir='ltr'><strong>in</strong></span> <span class='ocrx_word' id='word_1_334' title='bbox 987 2264 1146 2295; x_wconf 79' lang='lat' dir='ltr'><strong>montibus</strong></span> <span class='ocrx_word' id='word_1_335' title='bbox 1162 2263 1268 2295; x_wconf 79' lang='lat' dir='ltr'><strong>herbae</strong></span> <span class='ocrx_word' id='word_1_336' title='bbox 1279 2275 1291 2294; x_wconf 77' lang='grc'><strong>.-</strong></span> 
     </span>
     <span class='ocr_line' id='line_1_69' title="bbox 713 2310 1291 2352; baseline -0.002 -10"><span class='ocrx_word' id='word_1_337' title='bbox 713 2311 837 2342; x_wconf 59' lang='grc' dir='ltr'><strong>-κΤὶὂί</strong></span> <span class='ocrx_word' id='word_1_338' title='bbox 853 2310 1049 2343; x_wconf 80' lang='lat' dir='ltr'><strong>Fastidienti</strong></span> <span class='ocrx_word' id='word_1_339' title='bbox 1061 2322 1074 2341; x_wconf 93' lang='lat'><em>:</em></span> <span class='ocrx_word' id='word_1_340' title='bbox 1091 2311 1150 2341; x_wconf 87' lang='lat' dir='ltr'><strong>tibi</strong></span> <span class='ocrx_word' id='word_1_341' title='bbox 1166 2312 1224 2352; x_wconf 85' lang='lat' dir='ltr'><strong>qni</strong></span> <span class='ocrx_word' id='word_1_342' title='bbox 1240 2321 1291 2341; x_wconf 89' lang='lat' dir='ltr'><strong>me</strong></span> 
     </span>
    </p>
   </div>
  </div>
 </body>
</html>
