1422 2528
162 98 224 129 186

541 101 582 140 Q.
606 99 788 132 uonATn
813 101 960 134 FLACCI

160 159 336 195 Moestum
356 168 399 194 ac
413 155 618 195 sollicitum
634 167 690 196 est
701 161 864 200 cantoris
881 170 1003 199 morte
1021 161 1155 212 Tigelli
1177 170 1213 210 ²;

161 215 316 266 Quippe
330 214 517 264 benignus
531 225 622 254 erat.
641 220 783 255 Contra
800 219 880 267 hic,
903 234 952 258 ne
971 220 1154 271 prodigus
1169 232 1249 259 esse

164 274 336 319 Dicatur,
351 282 540 321 metuens,
558 274 663 326 inopi
681 276 771 314 dare
787 278 883 315 nolit
902 280 1023 316 amico
1033 306 1046 324 ,
1335 286 1348 310 ⁵

167 333 301 383 Frigus
319 345 396 382 quo
416 331 626 384 duramque
640 334 775 373 famem
795 335 983 387 depellere
1003 338 1134 388 possit.

169 396 279 431 Hunc
295 391 310 414 3
327 392 358 428 si
377 395 634 442 perconteris,
654 395 715 432 avi
730 398 799 433 cur
814 405 927 446 atque
950 398 1118 447 parentis

168 451 391 489 Praeclaram
406 450 552 500 ingrata
567 453 726 503 stringat
743 455 860 492 malus
879 455 1045 506 ingluvie
1062 461 1158 504 rem,

170 510 308 549 Omnia
326 509 523 547 conductis
544 523 717 549 coemens
737 512 896 551 obsonia
911 515 1098 561 nummis.;

170 568 353 608 Sordidus
371 576 483 618 atque
499 570 614 608 animi
627 570 730 621 quod
748 572 856 622 parvi
872 573 967 611 nolit
981 573 1129 620 haberi,
1320 592 1349 607 ιο

171 627 402 678 Respondet.
423 628 619 667 Laudatur
635 629 682 667 ab
699 630 777 678 his,
798 631 976 682 culpatur
994 632 1042 669 ab
1058 633 1142 670 illis.

170 688 338 728 Fufidius
354 700 487 737 vappae
505 689 519 717 4
539 689 676 728 famam
693 691 799 728 timet
819 703 862 728 ac
882 691 1098 739 nebulonis,

171 876 318 908 vocabuli
354 875 556 916 etymologia.
598 875 739 906 Putarim

170 924 275 954 tamen
293 931 417 952 scurras
430 920 590 961 praecipue
605 931 641 950 ac
654 932 741 962 para-

171 972 248 1001 sitos
270 978 308 998 eo
324 968 457 997 nomine
477 967 653 1003 contineri,
678 968 741 997 levi

174 1017 270 1047 unius
290 1014 404 1043 litterae
426 1013 616 1050 mutatione,
644 1013 660 1043 ὲ
689 1024 741 1043 vo-

175 1073 228 1098 ce,
243 1058 393 1090 barathro
405 1081 415 1095 ‚
428 1050 516 1099 tiuod
530 1059 665 1088 istorum
687 1059 742 1089 ho-

177 1109 300 1139 minum
314 1113 436 1141 venter,
451 1103 539 1144 quasi
551 1114 663 1146 gurges
678 1112 742 1142 est,

176 1155 211 1185 in
235 1162 330 1193 quem
355 1150 554 1192 amplissimae
585 1160 661 1190 opes
691 1161 745 1181 sae-

176 1198 248 1241 pius
262 1196 518 1239 profunduntur.
531 1195 580 1226 Sic
597 1195 659 1226 fere
669 1198 744 1227 Tur-

177 1246 280 1276 nebus
305 1249 337 1273 et
359 1242 557 1274 Torrentius.

226 1300 254 1320 2.
286 1287 433 1320 Cantor-is
463 1293 563 1317 morte
582 1283 716 1329 ‘Tigelll
732 1300 743 1318 .-

179 1335 218 1366 de
232 1335 344 1366 eodem
358 1333 495 1376 Tigellio
508 1334 628 1363 mentio
642 1332 698 1364 fiet
710 1336 745 1364 in

177 1380 271 1419 satira
294 1382 357 1418 111,
383 1387 415 1410 et
437 1382 479 1410 X,
506 1396 553 1402 —-
580 1379 745 1421 Benignus

177 1435 246 1459 erat
267 1438 278 1457 .-
298 1426 455 1467 benignus
482 1425 629 1465 quidem,
655 1426 688 1457 h.
715 1437 742 1457 e.

176 1471 380 1515 magnificus,
414 1471 571 1508 liberalis,
609 1471 655 1507 „ah
683 1473 744 1504 isto

174 1519 345 1550 hominnm
368 1527 482 1559 genere
511 1516 696 1554 vocabatur,
725 1519 742 1548 a

175 1565 296 1598 caeteris
312 1565 406 1601 vero,
422 1563 573 1593 decoctor
590 1569 622 1593 et
635 1563 742 1603 prodi-

174 1622 242 1655 gus.
257 1609 404 1640 -Hic.·
421 1609 501 1640 alius
515 1609 669 1650 quilibet,
686 1620 740 1640 cu-

172 1660 223 1697 ius
245 1656 375 1687 avaritia
389 1654 515 1698 Tigellii
535 1654 742 1696 prodigentiae

176 1703 360 1744 opponitur.

221 1750 252 1780 3.
269 1749 362 1779 Hunc
377 1759 387 1778 :
403 1746 535 1778 fortasse
548 1747 609 1777 alio
622 1757 742 1788 prouo-

175 1794 260 1826 mine
269 1792 383 1831 melius
390 1800 519 1825 notatus
529 1792 635 1824 fuisset
645 1793 742 1830 homo

131 1837 135 1842 ’
177 1840 215 1870 de
229 1851 296 1881 quo
306 1840 476 1871 locuturus
490 1845 537 1869 est
555 1840 680 1876 Noster,
707 1846 743 1870 ut

177 1884 299 1916 facilins
330 1884 347 1915 ὲ
375 1884 570 1926 praecedente
601 1886 658 1926 qni
686 1896 743 1926 per

175 1931 259 1962 idem
282 1941 478 1972 pronomen,
504 1930 573 1968 hic,
600 1931 741 1973 designa-

177 1984 228 2008 tus
239 1984 305 2013 est,
320 1976 562 2008 discerneretur.
569 1977 723 2008 -Malus
729 1988 742 2006 :

176 2022 348 2062 adjectivus
358 2046 367 2062 ‚
382 2022 625 2064 profadverbio,
644 2024 741 2059 male,

171 2068 207 2100 h.
226 2079 255 2101 e.
282 2068 511 2110 imprudenter,
530 2069 646 2111 absque
665 2079 740 2100 con·

174 2114 258 2148 silio.
270 2131 317 2139 -—
339 2112 471 2157 Ingtatc‘z'
486 2114 624 2157 stringat
637 2115 739 2157 inglu-

169 2161 220 2192 oie
242 2172 255 2193 .·
274 2160 447 2203 stringere,
469 2162 597 2203 proprie
620 2168 667 2193 est
686 2161 739 2192 ali-

794 876 870 917 quid
894 877 978 906 arcte
1003 883 1106 908 tenere
1122 885 1153 908 et
1168 879 1356 920 complecti,

795 922 898 958 unde,
922 927 979 963 per
995 923 1151 954 assiduam
1173 931 1205 955 et
1223 925 1358 956 validam

794 970 1092 1006 contrectationem,
1118 971 1165 1000 rei
1184 971 1298 1002 scriceae
1315 979 1358 1002 at-

795 1014 938 1044 tenuatio
967 1014 1043 1044 oriri
1071 1015 1160 1047 solet.
1197 1016 1357 1060 Stringere

795 1058 893 1100 igitur
905 1060 938 1089 in
953 1059 1015 1090 hoc
1029 1060 1102 1091 loeo
1116 1061 1200 1092 idem
1214 1063 1296 1094 valet
1313 1074 1358 1102 ac,

797 1105 980 1146 inst-ingere,
994 1113 1121 1145 partem
1139 1107 1286 1146 demere,
1314 1117 1360 1148 et,

797 1161 853 1191 per
891 1152 1127 1191 extensionem,
1159 1153 1205 1183 ad
1230 1154 1362 1185 nihilum

798 1196 955 1227 reducere.
975 1199 1112 1238 Ingrata
1125 1199 1229 1229 autem
1247 1200 1365 1231 dicitur

798 1241 966 1284 ingluvies,
984 1242 1094 1273 eodem
1112 1255 1204 1274 sensu
1217 1256 1283 1286 quo
1297 1247 1364 1279 Cal·

798 1288 966 1318 limaehus
973 1286 1106 1332 venetie-nv
1131 1292 1260 1322 vocavit
1280 1290 1363 1333 ἀχα-

800 1344 824 1376 ρ
819 1331 880 1364 Ῐοστ
883 1342 1070 1371 },ventre1n
1083 1335 1256 1378 ingratum,
1270 1349 1362 1377 cum,

799 1380 955 1420 quidquid
965 1383 1067 1411 ventri
1074 1385 1276 1422 concesseris,
1282 1385 1363 1416 nihil

798 1426 845 1456 illi
862 1437 935 1456 vere
955 1427 1042 1457 utilis
1068 1435 1099 1459 et
1112 1429 1243 1467 jucundi
1265 1431 1298 1461 in
1314 1432 1368 1462 vi-⁴

798 1482 864 1502 cem
880 1472 1011 1510 referat,
1028 1471 1105 1503 dnm
1123 1474 1140 1504 ὲ
1163 1475 1273 1552 ogra
1291 1486 1362 1518 quae

796 1519 926 1559 iugenio
941 1525 972 1548 et
993 1519 1099 1550 animo
1118 1518 1184 1562 larg
1232 1531 1247 1552 ε
1265 1523 1361 1553 fueris

797 1574 913 1605 magno
941 1575 1014 1594 cum
1040 1565 1167 1597 foenore'
1183 1567 1243 1598 tibi
1273 1571 1361 1600 resti-

797 1616 935 1641 tuentur.
958 1627 1004 1633 -—
1026 1611 1144 1642 Omnia
1168 1614 1328 1645 conductis
1347 1627 1358 1644 :

796 1655 866 1687 duae
880 1656 942 1686 illae
961 1667 1053 1687 voces
1067 1657 1128 1688 sibi
1140 1659 1358 1700 appi-imeres-

794 1701 955 1742 pondent;
970 1702 1122 1745 prodigus
1130 1705 1183 1734 ille
1193 1705 1274 1736 nihil
1285 1717 1359 1738 ven·

796 1749 837 1777 tri
863 1759 922 1779 suo
950 1747 1102 1791 denegat,
1131 1752 1290 1791 quamvis,
1319 1753 1357 1783 ad

795 1794 920 1824 ruinam
935 1805 1081 1836 vergens,
1096 1805 1163 1826 non
1179 1797 1256 1828 alios
1268 1808 1357 1829 num-

795 1849 864 1870 mos
874 1839 1039 1880 possideat,
1050 1840 1146 1882 quam
1154 1852 1235 1882 quos
1243 1853 1357 1886 magno

795 1887 909 1926 pretio,
927 1886 1047 1928 ingenti
1060 1886 1155 1917 usura
1175 1888 1300 1920 locavit.
1311 1908 1358 1914 —-
1378 1895 1381 1898 ’

796 1932 963 1962 Laudatur
975 1932 1016 1962 ab
1028 1931 1101 1963 luis:
1116 1943 1135 1963 a
1145 1935 1286 1974 parasitis
1301 1938 1357 1977 qni

795 1978 885 2008 istius
908 1978 1123 2018 profusionem
1143 1980 1235 2011 lucro
1258 1991 1356 2023 appo-

795 2030 886 2054 nunt.
907 2041 952 2047 —
979 2024 1139 2065 Culpatur
1152 2025 1192 2055 ab
1221 2026 1286 2057 illis
1308 2039 1319 2058 :
1339 2028 1355 2057 ἒι

793 2070 999 2111 sapientibus.

806 2123 808 2126 ’
842 2121 872 2151 4.
887 2118 1008 2156 Vappae
1021 2127 1032 2146 :
1046 2116 1110 2148 vid.
1130 2119 1214 2149 satir.
1225 2118 1356 2160 praecerl.

795 2172 824 2192 v.
861 2168 932 2199 ποί..
963 2179 1009 2186 --
1036 2163 1159 2204 Qw'nas
1187 2163 1238 2195 hic
1262 2164 1360 2206 capiti
