1422 2528
509 163 589 195 Lm.
608 133 664 193 'lv
688 161 777 192 oDE
800 161 896 192 XIII.
1271 156 1315 185 65

198 229 280 266 Nec
299 225 379 264 cari
398 223 546 277 lapides
561 233 757 275 tempora,
782 236 869 274 quae
892 221 1009 266 semel

256 287 370 327 Notis
388 286 545 324 condita
562 285 668 323 fastis

1287 289 1318 314 15

314 347 476 387 Inclusit
493 346 661 384 volucris
681 345 776 385 dies.

206 409 296 460 Quo
313 409 412 460 fugit
428 410 583 447 Venus?
600 407 699 445 heu!
720 419 849 458 quove
868 406 998 444 color?
1019 405 1157 444 decens

207 471 298 521 Quo
318 472 471 510 motus?
493 469 599 518 Quid
614 467 736 506 habes
750 468 872 517 illius,
890 467 994 506 illius
1015 468 1050 516 ¹³,

259 537 356 582 Quae
372 530 546 584 spirabat
560 543 727 578 amores,

314 597 411 642 Quae
428 606 490 631 me
510 599 717 643 surpuerat
737 589 853 638 mihi,
1289 605 1319 622 ευ

205 653 312 692 Felix
333 663 422 705 post
440 653 636 699 Cinaram,
654 659 825 702 notaque
842 658 880 688 et
895 649 1038 688 artium

209 718 420 755 Gratarum
437 714 578 752 facies?
598 713 666 752 sed
686 713 835 751 Cinarae
854 711 995 750 breves

259 779 398 815 Annos
413 776 491 814 fata
510 775 701 814 dederunt
712 803 722 822 ,

314 841 526 877 Servatura
543 836 611 875 diii
629 849 763 888 parem

209 900 383 938 Cornicis
400 900 537 938 vetulae
556 898 798 951 temporibus
818 901 948 948 Lycen
966 897 1004 947 6;
1292 906 1323 932 25

208 963 369 1000 Possent
384 970 426 999 ut
439 961 602 1012 juvenes
623 961 750 998 visere
770 959 930 1008 fervidi,

264 1021 391 1060 Multo
405 1035 483 1060 non
500 1021 582 1059 sine
601 1021 681 1060 risu
692 1049 703 1068 ,

108 1207 184 1239 Coae
199 1215 356 1248 purpurae
370 1211 447 1236 sunt
462 1202 562 1247 igitur
584 1210 687 1235 vestes

107 1255 234 1291 sericae,
252 1251 399 1295 purpura
416 1253 536 1284 tinctae.
558 1270 607 1278 -
629 1251 688 1282 Ca-

108 1301 139 1333 ri
162 1299 289 1342 lapides
307 1310 319 1331 :
341 1299 543 1338 adamantes,
568 1306 601 1331 et
628 1299 688 1330 alia

108 1349 327 1391 pretiosorum
341 1347 487 1389 lapidum
506 1357 632 1390 genera.
642 1364 691 1371 —-

108 1397 187 1427 Non
207 1394 266 1426 eibi
279 1393 424 1437 referunt
435 1402 582 1436 tempora
597 1405 609 1424 .·
622 1404 691 1425 non

110 1452 213 1475 annos
238 1441 362 1484 elapsos
396 1441 610 1473 revocabunt.
640 1458 689 1465 ·—

114 1491 195 1532 Quoe
218 1488 320 1520 semel
337 1489 432 1519 Notis
445 1488 581 1519 condita
588 1487 691 1532 fastis

112 1536 250 1568 Inclusit
279 1535 423 1566 volucris
466 1535 536 1566 dies
554 1546 566 1566 .·
599 1546 688 1578 quae,

113 1581 187 1615 cum
209 1582 323 1625 rapido
345 1582 471 1614 dierum
494 1594 591 1614 cursu
610 1593 690 1625 prae-

115 1631 278 1669 terierint,
301 1630 418 1661 vivunt
445 1631 551 1662 tamen
571 1631 607 1661 in
633 1630 692 1661 ho-

115 1678 243 1709 minum
272 1675 446 1716 memoria,
471 1685 585 1709 notato
608 1685 694 1708 nata-

114 1725 198 1756 lium
226 1723 279 1755 die
309 1725 346 1755 in
382 1725 524 1767 publicis
555 1724 692 1764 tabulis,

116 1782 189 1816 quae
202 1782 404 1814 unoquoque
427 1779 594 1804 momento
616 1783 694 1804 con-

117 1818 181 1853 suli
195 1825 342 1862 possunt.

164 1867 197 1898 5.
225 1865 315 1909 Quid
336 1865 435 1897 habes
453 1865 556 1904 illius,
582 1866 668 1898 illius
682 1878 694 1898 :

117 1914 202 1945 inest
221 1914 258 1945 in
281 1912 337 1945 illa
361 1915 572 1955 repetitione,
587 1914 694 1952 illius,

119 1959 225 1999 illius,
242 1961 356 1992 nescio
378 1961 459 2002 quid
478 1962 625 1993 amatorii
640 1962 695 1993 de-

119 2007 241 2041 siderii.
265 2008 429 2046 Subaudi,
440 2008 571 2051 faciei,
595 2015 627 2040 et
650 2009 696 2040 sic

121 2055 267 2098 explica:
286 2055 365 2098 quid
383 2056 548 2097 reliquum
571 2056 630 2087 tibi
648 2063 696 2088 est

121 2103 337 2134 venustissimi
366 2102 456 2134 illius
489 2101 599 2134 vultus
639 2105 697 2146 qui

123 2150 273 2181 omuibus
278 2150 371 2181 illum
381 2150 609 2192 aspicientibus
616 2161 699 2182 auu>

123 2205 192 2227 rem
205 2197 382 2239 inspirabat
391 2220 400 2235 ‚
417 2204 479 2229 etc.
490 2215 538 2222 —·
550 2199 630 2239 Quae
648 2209 699 2229 me

123 2251 291 2284 surpuerat
303 2243 384 2275 mihi
395 2255 407 2274 :
421 2244 537 2275 usitata
554 2252 700 2276 contrac-

123 2290 233 2330 tione,
253 2301 334 2334 pro,
350 2291 560 2335 surripuerat.
581 2292 632 2324 sle
651 2294 700 2324 in-

740 1202 805 1243 fra,
818 1205 882 1237 Sat.
898 1205 949 1243 11,
972 1204 1008 1243 3,
1026 1203 1093 1235 283
1114 1213 1123 1236 ε
1147 1206 1253 1235 Unum
1274 1216 1326 1237 me

741 1251 860 1293 surpite
882 1251 1151 1283 marm—Felix
1170 1259 1248 1294 post
1280 1253 1330 1284 Ci-

743 1309 862 1330 naram
879 1311 890 1330 :
909 1310 967 1341 per
983 1299 1121 1341 ellipsim
1132 1322 1143 1337 ,
1157 1310 1218 1341 pro
1229 1323 1238 1338 ,
1252 1308 1326 1342 post

743 1347 868 1379 Cinarae
878 1347 990 1378 faciem
1002 1358 1010 1385 ;
1024 1357 1097 1388 quae
1111 1348 1211 1378 unius
1231 1348 1328 1379 Cina-

744 1405 788 1424 rae
814 1394 1054 1436 pulchritudini
1077 1394 1215 1426 cederet.
1232 1397 1326 1426 Hanc

746 1441 911 1480 Cinaram,
931 1448 969 1472 ut
984 1440 1002 1471 ὲ
1026 1452 1059 1472 se
1077 1443 1197 1481 juvene
1226 1442 1326 1474 dilec-

747 1495 811 1520 tam
823 1511 832 1527 ,
852 1489 992 1519 celebrat
1001 1490 1156 1520 Horatius
1171 1490 1207 1520 in
1220 1491 1327 1532 primo

746 1536 882 1576 hujusce
908 1536 986 1567 libri
1009 1537 1151 1566 carmine
1162 1559 1171 1575 ,
1184 1548 1216 1569 v.
1235 1544 1267 1575 4.
1281 1555 1327 1561 -

745 1585 898 1625 Notaque
926 1591 958 1614 ec
990 1583 1110 1614 artium
1151 1584 1328 1616 Gratarum

739 1630 846 1673 facies
858 1642 870 1661 .·
889 1637 921 1661 et
939 1631 1034 1662 facies
1054 1631 1110 1662 illa
1131 1642 1204 1674 quae
1221 1635 1328 1664 omni-

745 1678 807 1710 bus
821 1678 1040 1709 delinimentis
1062 1679 1221 1710 instructa
1232 1703 1241 1719 ‚
1257 1686 1328 1710 tan-

746 1732 810 1756 tam
823 1726 884 1756 tibi
900 1725 1120 1756 celebritatem
1137 1734 1327 1768 pepererat3

747 1783 821 1815 quae
851 1773 996 1804 certatim
1028 1780 1060 1804 et
1078 1773 1119 1803 ab
1146 1775 1328 1806 innumeris

747 1820 997 1851 admiratoribus
1009 1821 1073 1851 tuis
1083 1820 1288 1853 laudabatur.

797 1868 829 1900 6.
867 1870 987 1898 Parem
1026 1867 1170 1899 Cornicis
1205 1869 1330 1900 vetulae

750 1915 944 1957 temporibus
977 1917 1086 1955 Lycen
1107 1928 1117 1946 .·
1144 1918 1254 1959 Lycen
1276 1918 1331 1947 cui

750 1969 802 1994 tot
820 1973 923 1993 annos
949 1962 1012 1994 fata
1029 1961 1235 1995 destinarunt
1251 1971 1332 2006 quot

750 2010 850 2052 vulgo
866 2009 1060 2041 credebatur
1069 2012 1234 2052 cornicem
1247 2010 1264 2042 ὲ
1277 2021 1333 2042 na-

751 2057 825 2088 tura
841 2058 988 2088 sortitam
1002 2057 1110 2090 fuisse.
1132 2058 1182 2090 De
1203 2059 1262 2090 illo
1275 2069 1331 2090 ve-

750 2111 855 2135 terum
871 2116 981 2136 errore
997 2105 1064 2137 vid.
1080 2113 1150 2137 not.
1164 2107 1181 2137 3
1195 2129 1203 2145 ,
1215 2107 1250 2137 in
1266 2105 1330 2139 Od.

750 2153 818 2191 111,
838 2163 890 2192 17,
912 2153 964 2184 13.
983 2153 1333 2196 -Juvenesservidi.·

752 2209 811 2240 per
841 2201 1084 2241 oppositionem
1114 2201 1233 2232 vetulae
1262 2210 1334 2242 quae

751 2247 822 2289 ipsa
833 2269 842 2285 ‚
858 2257 925 2277 non
945 2247 1085 2286 fervere,
1099 2248 1156 2279 sed
1173 2248 1333 2279 fervorem

750 2294 910 2334 juvenum
923 2294 1006 2326 alere
1021 2302 1053 2327 et
1069 2297 1210 2326 excitare
1226 2294 1334 2327 desiit.

1166 2346 1209 2383 0„
