1404 2522
137 107 178 129 22
519 102 559 142 Q.
585 101 768 133 110an
790 103 938 136 Finem

245 156 323 202 Qui
342 157 488 207 primus
505 159 600 196 alma
621 160 704 198 risit
726 161 865 199 adorea
881 163 917 208 ³,

252 216 368 253 Dirus
386 229 454 265 per
474 217 587 255 urbes
605 219 698 256 Afer
713 229 755 257 ut
771 221 901 267 Italas,

293 275 371 311 Ceu
390 275 539 313 flamma
553 290 622 326 per
637 278 751 317 taedas
763 306 773 325 ,
788 280 846 316 vel
863 282 988 317 Eurus

348 335 419 370 Per
435 335 578 372 Siculas
594 337 777 385 equitavit
796 337 927 375 undas.

243 395 335 429 Post
350 393 423 430 hoc
445 402 477 440 9,
495 395 672 431 secundis
690 398 808 446 usque
824 397 1019 435 laboribus

243 455 414 490 Romana
436 453 555 504 pubes
575 455 714 502 crevit,
733 465 771 492 et
789 457 907 507 impio

292 515 446 551 Vastata
461 517 661 551 Poenorum
682 517 845 553 tumultu

345 575 465 620 Fana,
485 576 586 610 Deos
605 573 775 613 habuere
792 585 934 622 rectos,

242 633 424 682 Dixitque
441 633 590 670 tandem
607 635 772 684 perfidus
789 636 978 674 Hannibal
995 650 1003 672 :
1293 647 1324 675 4⁵

243 709 258 725 «
280 693 392 730 Cervi
414 693 592 743 luporum
609 695 738 744 praeda
754 697 945 745 rapacium
959 725 969 743 ,

295 769 311 786 ι
331 755 526 790 Sectamur
542 752 641 791 ultro
665 762 708 801 ¹⁰,
730 767 825 804 quos
840 756 988 805 opimus

347 828 362 844 »2
378 812 523 849 Fallere
543 822 580 850 et
597 813 766 863 effugere
781 823 836 852 est
856 815 1080 866 triumphus.

245 887 259 903 n
277 875 394 918 Gens,
416 885 500 922 quae
516 882 683 911 cremato
699 874 806 912 fortis
824 873 871 911 ab
889 874 979 922 Ilio,

138 1083 215 1104 rone
233 1073 409 1114 projectum
421 1095 429 1111 ,
447 1073 535 1103 triste
548 1072 702 1104 indicium

139 1126 276 1160 acceptae
289 1118 406 1154 cladis,
429 1126 459 1150 et
484 1130 578 1149 omen
602 1120 702 1149 futuri

137 1165 287 1206 deinceps
300 1166 376 1195 belli
394 1165 568 1202 funestum,
585 1167 704 1196 Hanni-

135 1211 200 1242 bali
228 1211 298 1242 suit.
327 1213 371 1242 Ea
402 1213 538 1242 Neronis
569 1212 701 1241 victoria

136 1258 270 1298 contigit
282 1267 367 1287 anno
376 1257 464 1287 urbis
478 1257 614 1287 conditae
623 1258 642 1287 5
646 1259 699 1293 46.

135 1305 156 1334 J
159 1314 276 1334 nvmvc,
301 1321 350 1326 —-
376 1302 513 1333 Pulcher
548 1303 603 1333 ille
635 1303 702 1333 dies

137 1349 230 1380 Latio
246 1361 257 1379 :
278 1349 384 1386 Latio,
411 1360 491 1391 pro,
515 1349 632 1387 Italiae,
665 1351 701 1380 in

135 1395 243 1426 dativo
258 1406 343 1427 casu.

183 1442 215 1473 8.
235 1441 298 1482 Qui
306 1441 429 1482 primus
451 1438 539 1471 αῖιηᾶ
559 1440 630 1470 risit
641 1441 699 1471 ad-

134 1485 210 1518 oreiz‘
228 1498 240 1517 :
261 1488 351 1526 ador,
368 1487 443 1517 olim
456 1487 541 1523 eder,
553 1487 593 1516 ab
608 1487 702 1517 eden-

133 1534 175 1563 do
191 1540 353 1570 vocatum,
369 1540 405 1563 ut
419 1534 509 1563 Festo
523 1533 700 1574 placet‚far

133 1580 150 1610 ὲ
167 1581 272 1610 tritico
287 1579 339 1610 vel
351 1580 520 1609 frumento.
540 1581 613 1609 Mos
633 1586 700 1608 erat

133 1625 220 1666 apud
253 1628 414 1656 Romanos
443 1631 516 1665 post
542 1625 698 1665 insignem

132 1672 314 1708 victoriam,
330 1671 507 1711 unicuique
523 1671 615 1700 militi
634 1681 699 1700 cer-

132 1723 194 1747 tam
217 1715 312 1757 hujus
328 1717 418 1746 farris
440 1727 617 1746 mensuram
636 1716 698 1746 dis-

132 1763 296 1801 tribuere3
320 1763 373 1792 illa
396 1762 499 1792 autem
514 1762 695 1792 distributio

131 1809 252 1839 adorea
271 1808 452 1839 vocabatur.
468 1808 561 1839 Unde
578 1819 695 1838 nomen

129 1855 258 1885 adoreae
271 1866 328 1896 per
342 1856 558 1884 extensionem
567 1876 576 1891 ,
590 1854 628 1883 ad
645 1856 694 1895 ip-

130 1911 194 1931 sam
207 1902 371 1931 victoriam
387 1900 493 1941 postea
510 1900 694 1930 translatum

129 1954 186 1978 est.
203 1965 250 1971 —
267 1949 308 1978 Ue
322 1958 333 1976 .·
348 1947 387 1976 ab
404 1957 441 1976 eo
460 1945 534 1976 inde
553 1953 694 1986 tempore

128 2004 194 2034 quo
223 1990 373 2034 primum.
390 2010 437 2016 --
461 1993 523 2022 Ceu
548 1992 694 2035 flamma

122 2050 186 2080 per
198 2039 300 2070 taedas
314 2050 324 2068 :
338 2049 396 2079 per
410 2038 504 2068 silvas
526 2037 693 2068 arboribus

127 2086 274 2116 resinosis
288 2086 433 2115 consitas.
448 2102 493 2107 -—-
508 2083 694 2124 Equitavit:

127 2131 239 2162 durior
253 2131 381 2161 sortasse
405 2130 598 2166 catachresis,
610 2129 694 2159 flam—

126 2188 185 2210 mae
222 2184 253 2210 et
291 2183 387 2207 vento
433 2176 596 2220 applicata.
637 2177 694 2208 Ze-

755 1073 878 1115 phyrus
891 1073 998 1104 tamen
1022 1072 1107 1115 apud
1119 1073 1302 1115 Euripidem
1315 1098 1324 1112 ,

755 1121 908 1151 Phoeniss.
947 1130 1012 1150 220
1025 1142 1034 1158 ,
1071 1117 1209 1151 ἱππεύειν
1246 1120 1324 1151 dici-

755 1172 817 1196 tur.

801 1223 832 1252 9.
852 1213 930 1241 Post
950 1210 1008 1241 hoc
1021 1222 1032 1242 :
1050 1221 1091 1242 ex
1108 1222 1146 1242 eo
1165 1218 1318 1252 tempore.

754 1275 799 1280 —
829 1259 980 1291 Romana
1006 1257 1107 1298 pubes
1132 1268 1144 1287 :
1182 1259 1319 1289 Romani

754 1305 911 1333 exercitus
930 1305 984 1344 qui
1000 1304 1062 1334 fere
1080 1304 1115 1333 in
1132 1304 1319 1334 universum

750 1350 922 1388 juvenibus
954 1349 1150 1380 constabant.
1166 1367 1213 1374 --
1227 1351 1320 1380 Fana

754 1397 840 1425 Deos
865 1394 1002 1425 habuesre
1028 1402 1129 1425 rectos
1145 1406 1157 1425 :
1178 1394 1197 1426 a
1214 1396 1319 1426 Poenis

754 1452 795 1470 ex
816 1441 966 1470 altaribus
978 1442 1043 1471 suis
1064 1441 1216 1483 dejectos,
1229 1439 1317 1471 nimc

754 1488 788 1516 in
803 1497 891 1517 suam
907 1487 1005 1516 basim
1017 1509 1026 1525 ‚
1043 1497 1157 1528 magno
1175 1497 1248 1517 cum
1263 1487 1318 1518 ho-

754 1543 831 1563 nore
847 1540 1071 1564 revocatos.-—-
1080 1532 1236 1574 Dixitque
1249 1540 1318 1563 tan-

753 1578 975 1621 dempetfidus
993 1579 1184 1609 Hannibal:
1204 1578 1318 1610 hic-in·

751 1626 829 1665 cipit
850 1625 1144 1665 eloquemissimnm
1165 1627 1316 1656 Romanae

751 1671 878 1700 virtutis
890 1678 920 1700 et
934 1672 1117 1701 constantiae
1126 1671 1315 1708 encomium,

751 1717 789 1746 eo
808 1717 942 1755 gratius,
965 1716 1052 1757 quod
1069 1727 1111 1747 ex
1132 1727 1188 1747 ore
1211 1716 1314 1746 infen-

751 1763 865 1791 sissimi
882 1762 1000 1799 hostis,
1018 1773 1074 1803 per
1093 1763 1160 1792 vim
1175 1763 1314 1792 veritatis

750 1815 780 1837 et
811 1807 977 1838 evidentiae
1012 1808 1196 1849 extorqueri
1229 1807 1315 1839 vide-

749 1860 810 1884 tur.

798 1910 850 1931 10.
874 1901 1039 1930 Sec-tamur
1069 1899 1171 1931 ultro:
1187 1900 1311 1930 insani!

747 1945 898 1975 audemus
921 1956 1114 1986 provocare,
1129 1952 1161 1976 et
1182 1947 1216 1975 in
1237 1947 1312 1986 ipsis

747 1991 844 2021 Italiae
867 1992 1041 2022 visceribus
1066 2002 1206 2032 quaerere
1229 1992 1312 2021 fero-

748 2048 815 2067 cem
835 2038 925 2067 illum
944 2037 1120 2079 populum!
1143 2037 1245 2069 Nimis
1269 2037 1312 2067 fe-

746 2083 821 2113 lices
847 2084 873 2112 si
900 2084 961 2123 ipsi
989 2084 1120 2114 instanti
1143 2089 1174 2113 et
1207 2093 1312 2124 perse—

746 2130 858 2169 quenti
880 2130 1020 2160 valemus
1048 2139 1107 2160 nos
1122 2128 1218 2160 hodie
1238 2129 1313 2162 sub-

749 2175 893 2209 trahere!

1391 822 1394 826 ·
1390 590 1404 784 mna-45⁸2—
1393 507 1404 573 Am...

1392 1408 1404 1571 “naamam-n·
1395 1380 1398 1391 -
1395 1358 1404 1370 ·.
1393 1310 1404 1324 Γ
1398 1281 1404 1298 .-

1394 1703 1399 1708 1
1394 1607 1404 1698 ,qn-am„
1398 1591 1404 1603 «Α
1394 1578 1404 1587 ι
