1404 2522
168 120 185 150 4*

550 115 590 155 Q.
615 114 798 146 nomm
823 116 974 149 FLACCI

379 171 628 210 Delectabere
646 172 748 210 tibiae

278 231 407 268 Mixtis
423 230 653 269 carminibus
665 260 674 278 ,
691 245 769 269 non
787 233 868 271 sine
887 233 1036 281 fistulfu
1066 252 1081 268 ω·

382 289 463 328 Illic
482 290 540 329 bis
559 293 671 342 pueri
689 293 752 330 die

1327 306 1358 331 2⁵

276 353 424 387 Numen
441 364 526 388 cum
539 352 676 389 teneris
694 352 908 402 virginibus
929 364 1035 392 tuum

379 411 591 448 Laudantes
603 440 613 458 ,
633 412 730 462 pede
747 412 911 450 candido

277 475 320 508 In
336 483 479 508 morem
498 472 639 509 Salium
656 473 714 509 ter
733 473 904 522 quatient
924 473 1097 511 humum.

377 535 440 568 Me
457 545 527 568 nec
547 532 704 578 femina,
722 546 792 570 nec
809 546 905 582 puer
921 541 934 563 ⁷

273 594 354 629 Jiim
367 620 377 638 ‚
394 605 463 628 nec
483 604 566 642 spes
583 592 697 628 animi
716 592 871 629 credula
890 594 1012 630 mutui
1028 622 1037 640 ,
1328 603 1359 627 30

378 653 458 689 Nec
475 660 621 688 certare
633 653 743 702 juvat
763 664 884 698 mero,

274 715 353 749 Nec
371 711 515 749 vincire
529 711 637 749 novis
661 720 832 762 tempora
851 711 1022 751 floribus.

379 770 454 809 sed
471 771 485 794 ⁸
503 773 582 818 cur,
602 770 678 808 heu
694 773 701 806 l
722 772 918 821 Ligurine,
938 776 1006 810 cur

274 834 405 868 Manat
421 843 507 868 rara
526 843 627 868 meas
647 832 801 868 lacrima
820 845 890 882 per
909 835 1045 882 genas?

378 893 455 928 Ciir
471 890 632 929 facunda
651 894 785 941 parum
803 891 943 930 decoro
1329 903 1360 928 35

167 1094 260 1123 teres,
289 1091 406 1116 statuas
432 1095 499 1115 nou
534 1095 634 1116 meras
666 1097 730 1116 esse

163 1133 297 1163 deorum
327 1138 381 1162 aut
412 1131 542 1162 dearum
563 1133 729 1173 imagine-⁹„

163 1178 218 1210 sed
247 1178 286 1208 iis
307 1188 436 1208 sensum
467 1184 498 1207 et
521 1179 657 1207 animam
679 1179 729 1208 in-

162 1223 265 1256 fundi.
292 1240 338 1247 —-
361 1222 579 1262 Berecynthiae
603 1223 688 1254 cibiae
717 1235 729 1254 :

162 1270 310 1312 Phrygiae
329 1279 337 1300 :
357 1269 396 1299 de
409 1268 479 1310 lyra
494 1276 526 1300 et
540 1267 646 1300 fistula
658 1292 667 1307 ‚
683 1270 730 1299 vi-

162 1316 202 1348 de
218 1315 314 1356 supra
329 1316 377 1345 III
387 1337 396 1352 ‚
420 1326 459 1356 19
470 1337 479 1352 ‚
502 1326 553 1347 20.
573 1333 618 1339 ·—-
633 1316 731 1345 Pueri

162 1373 233 1393 cum
253 1361 369 1391 ceneris
387 1360 562 1403 virginibus
581 1374 592 1392 :
611 1362 729 1392 chorus

161 1419 337 1450 puerorum
354 1414 386 1438 et
403 1408 582 1448 puellarum
596 1408 729 1438 alterna-

162 1456 219 1485 tim
246 1455 429 1484 canentium
458 1455 492 1484 in
516 1456 611 1484 sacris
638 1454 727 1484 adhi-

162 1501 234 1531 beri
245 1500 378 1531 solebat.
393 1499 475 1531 Vide
494 1501 588 1541 supra
600 1522 608 1537 ‚
625 1502 651 1538 1,
672 1511 727 1538 21,

162 1547 319 1588 hymnum
334 1546 373 1576 ad
391 1547 525 1576 Dianam
547 1553 579 1576 et
602 1547 728 1587 Apolli-

162 1604 252 1630 nem,
278 1599 310 1623 et
326 1591 427 1629 infra,
443 1603 554 1632 poema
568 1593 728 1624 saeculare.

162 1657 207 1663 —
230 1639 317 1670 Pede
331 1637 470 1668 candido
492 1649 503 1668 .·
521 1638 667 1680 pulchro.
683 1656 730 1663 —

162 1687 203 1717 In
230 1695 349 1715 morem
376 1684 499 1714 Salium
519 1695 530 1714 :
555 1684 594 1714 de
618 1685 724 1722 Saliis,

163 1732 274 1763 Martis
289 1730 506 1761 sacerdotibus
519 1730 584 1768 jam
606 1731 728 1762 dictum

162 1785 228 1815 est,
241 1777 354 1817 supra,
368 1779 399 1814 Ι,
419 1778 460 1807 36
471 1799 480 1814 ,
505 1787 556 1808 12.

213 1835 243 1862 7.
260 1825 314 1853 Me
328 1822 532 1864 necsemina,
553 1833 611 1853 nec
621 1834 725 1862 puer:

161 1869 387 1901 connectendae
402 1869 451 1899 hae
462 1880 556 1899 voces
569 1880 642 1899 cum
659 1880 728 1899 ver-

163 1917 206 1947 bo
221 1915 448 1955 subsequenti,
468 1915 579 1956 jtwac;
598 1927 648 1945 me
661 1926 727 1946 non

161 1964 251 2001 juvat
265 1961 381 1991 femina
392 1983 400 1999 ‚
424 1969 484 1992 etc.
501 1961 596 2002 Quod
617 1969 728 1992 notan-

163 2008 258 2045 dum,
285 2007 361 2048 quia
388 2007 540 2038 rarissime
562 2009 667 2038 evenit
691 2015 728 2038 ut

162 2054 246 2086 idem
259 2053 393 2084 verbum
411 2055 444 2084 in
463 2055 563 2094 priori
579 2054 727 2094 phraseos

161 2107 249 2142 parte
266 2099 488 2138 substantivis,
511 2101 545 2130 in
563 2099 659 2130 altera
677 2101 726 2130 in-

162 2145 294 2179 finitivis
318 2145 526 2188 adjungatur;
555 2157 623 2176 eam
655 2147 726 2186 qui-

162 2193 234 2224 dem
271 2193 429 2223 licentiam
459 2193 581 2233 signare
620 2191 727 2233 potius

783 1085 881 1127 quam
899 1085 1083 1116 imitandam
1095 1095 1276 1126 proponere
1285 1097 1354 1118 ¹ma-

782 1133 851 1163 lim.
871 1149 916 1155 —
935 1133 1003 1162 Nec
1026 1141 1097 1172 spes
1117 1131 1220 1163 animi
1242 1140 1352 1168 mutua

783 1178 906 1209 creduli
919 1189 930 1207 .·
943 1177 1089 1208 credulos
1096 1178 1181 1208 euim
1195 1188 1228 1208 te
1239 1179 1350 1216 nimis,

781 1232 835 1255 aut
853 1222 961 1265 potius
984 1223 1088 1254 fatuos
1107 1223 1261 1256 exhibent
1283 1226 1352 1266 qui·

781 1281 933 1310 cumque,
966 1276 1057 1300 aetate
1082 1268 1148 1309 jam
1176 1270 1330 1311 provecti
1343 1294 1353 1309 ‚

782 1325 924 1346 mutuum
940 1316 1001 1346 sibi
1019 1326 1158 1347 amorem
1173 1316 1352 1358 rependen-

781 1363 859 1393 dum
872 1368 1080 1403 praesumunt.
1159 1396 1162 1398 ,

830 1410 860 1439 8.
893 1409 959 1438 Sed
991 1419 1002 1438 :
1030 1418 1088 1448 per
1117 1409 1349 1441 correctionem

782 1455 893 1486 transit
912 1454 952 1484 ad
965 1453 1129 1484 fatendum
1142 1464 1249 1486 serum
1261 1461 1294 1485 et
1309 1456 1349 1486 εὸ

782 1502 959 1541 turpiorem
975 1500 1124 1531 affectum
1144 1510 1210 1541 quo
1224 1501 1348 1542 Liguri—

781 1558 859 1577 num
878 1547 1092 1588 amplectitur.
1104 1563 1150 1571 -
1159 1545 1248 1578 extr?
1259 1548 1352 1589 quasi

782 1593 988 1624 exclamaret:
997 1591 1084 1633 Quid
1094 1592 1164 1623 dixi
1172 1614 1182 1631 2
1197 1594 1328 1625 insanus
1336 1594 1351 1623 ?

782 1639 813 1670 Si
839 1639 935 1669 modi)
966 1649 1039 1670 vera
1069 1639 1182 1676 attuli,
1212 1639 1240 1670 si
1260 1639 1352 1670 nullo

782 1695 887 1715 amore
900 1693 1023 1726 tangor,
1035 1683 1092 1725 qui
1105 1683 1144 1715 fit
1158 1690 1195 1715 ut
1204 1705 1214 1720 ‚
1225 1691 1286 1716 eto.
1303 1702 1350 1709 —

782 1732 876 1761 Heu!
891 1730 1002 1761 contra
1016 1741 1048 1762 se
1065 1732 1171 1772 ipsum
1193 1730 1305 1762 dolens
1318 1739 1350 1762 et
1395 1741 1397 1744 ⁴

781 1777 904 1817 pudore
926 1777 1066 1807 suffusus
1089 1775 1286 1817 indignatur.
1302 1793 1348 1801 --

784 1823 872 1853 Cicrs’
893 1822 1036 1864 energice
1049 1822 1140 1853 dubii
1153 1823 1281 1864 signum
1294 1824 1350 1854 ite-

780 1875 837 1900 rat.
848 1871 1059 1900 Lacrimarum
1069 1879 1198 1899 suarum
1205 1879 1306 1900 causae
1314 1869 1350 1900 fi-

780 1915 852 1946 dem
874 1922 997 1946 recusat
1017 1915 1178 1947 adhibere.
1194 1932 1240 1939 —
1258 1917 1348 1947 Rara

780 1962 917 1992 lacrima
935 1973 947 1992 :
965 1961 1131 1993 nonenim
1146 1960 1276 1992 fletibus
1291 1962 1349 1992 ob-

781 2009 873 2046 ortis,
888 2008 944 2038 sed
956 2019 1013 2049 per
1025 2007 1167 2038 lacrimas
1180 2008 1327 2049 guttatim
1337 2031 1346 2046 ‚

779 2061 811 2084 et
821 2076 830 2093 ‚
853 2062 890 2085 ut
917 2055 984 2095 ipse
1010 2054 1152 2094 loquitur
1174 2053 1286 2094 supra,
1313 2056 1328 2085 1
1339 2077 1349 2093 ,

784 2102 841 2138 13,
860 2111 890 2139 7,
901 2098 1018 2142 ficrcim
1033 2106 1195 2131 manantes
1211 2100 1349 2131 vividior

779 2149 894 2178 amoris
923 2146 1053 2177 affectus
1078 2144 1286 2187 significatur.
1302 2164 1349 2171 -

782 2193 845 2226 Clcr
852 2193 1006 2236 file-unda
1020 2192 1137 2233 pariam
1160 2192 1276 2223 decoro
1294 2194 1348 2223 In-
