1404 2522
510 94 591 126 Lm.
616 94 668 125 lv
691 94 780 126 ODE
802 92 848 126 11.
1252 104 1293 125 ιι

184 151 300 190 Vocis
320 150 478 191 accedet
495 151 600 190 bona
619 164 726 203 pars,
749 160 806 200 et,
825 153 861 190 Ο
881 150 950 190 Sol

182 212 367 252 Pulcher!
387 213 412 251 ὀ
426 212 640 251 laudande!
656 225 810 260 canam,
826 220 986 264 recepto

396 272 547 313 Caesare
566 275 670 313 felix.

185 336 354 387 Duxque
373 334 466 373 dum
479 335 658 387 procedit
676 333 705 358 ¹³
716 364 727 382 ‚
743 336 788 372 10
805 333 1022 386 triumphe!

182 398 271 436 Non
289 394 405 435 semel
423 396 613 445 dicemus,
630 398 674 435 Io
694 395 909 448 triumphe!
1262 404 1295 431 50

188 457 332 508 Civitas
353 458 498 507 omnis;
515 457 770 509 dabimusque
790 457 889 496 divis

394 520 528 559 Thura
545 520 734 571 benignis.

181 582 237 619 Te
254 581 282 610 ¹4
302 581 436 619 decem
457 581 579 628 tauri,
597 580 837 631 totidemque
857 593 1002 628 vaccae,

183 644 249 680 Me
273 652 382 681 tener
399 643 522 681 solvet
535 642 699 690 vitulus,
720 642 854 680 relicta

183 707 330 751 Matre,
348 704 416 756 qui
436 704 552 756 largis
567 704 785 755 juvenescit
803 703 936 742 herbis
1260 713 1294 739 5⁵

395 769 439 803 In
459 779 545 804 mea
559 775 648 803 vota
661 794 672 813 ,

182 830 325 875 Fronte
345 836 526 866 curvatos
541 828 712 865 imitatus
731 827 839 878 ignes

182 888 359 927 Tertium
378 888 479 926 lunae
497 889 698 928 referentis
717 897 846 927 ortum
864 886 912 935 ¹⁵,

84 1087 302 1131 intelligendae
310 1095 399 1120 suut.
408 1088 592 1120 Declaravit
602 1090 667 1120 Ho-

84 1137 183 1167 ratius
198 1147 231 1167 se
248 1136 396 1167 canendo
422 1136 519 1178 digne
535 1137 665 1179 Augus-

85 1190 118 1214 ιο
132 1184 300 1225 imparem.
315 1184 364 1215 Ne
378 1183 486 1214 tamen
501 1183 665 1215 silentium

82 1241 179 1261 suum
201 1230 353 1261 malevoli
378 1230 491 1272 inique
509 1232 666 1273 interpre-

83 1283 207 1317 tentur,
223 1288 257 1308 se
266 1288 335 1309 non
345 1280 450 1320 poetae
459 1278 550 1320 (quae
560 1286 665 1320 partes

84 1324 125 1355 ad
139 1326 322 1356 Antonium
341 1325 448 1356 solum
465 1327 665 1368 pertinent),

83 1371 140 1402 sed
146 1373 225 1403 civis
231 1371 340 1404 devoti
349 1379 380 1403 et
387 1371 490 1403 fidelis
497 1374 608 1403 munia
615 1373 666 1404 ad-

83 1418 293 1462 impleturum
310 1419 494 1462 profitetur.
511 1422 584 1451 Sese
597 1427 665 1451 tur-

83 1464 135 1497 bae
141 1467 370 1509 gratulantium
379 1474 410 1498 et
420 1467 663 1498 acclamantium

83 1513 290 1546 immiscebit.
304 1515 423 1554 Majori
439 1521 470 1545 et
486 1514 591 1545 altiori
606 1525 664 1545 vo-

84 1571 122 1592 ce
139 1561 238 1603 quam
257 1562 382 1600 caeteri,
396 1563 422 1592 si
437 1562 482 1592 fas
498 1568 562 1599 est,
587 1572 661 1592 can·

83 1614 136 1638 tus
146 1607 359 1651 triumphales
370 1609 580 1647 instaurabit;
590 1610 664 1640 sim-

82 1654 222 1696 plicibus
237 1656 370 1697 quidem
381 1656 488 1687 verbis
498 1680 508 1695 ,
522 1655 578 1687 sed
591 1668 663 1688 ver-

83 1701 134 1733 his
153 1701 222 1741 bis,
239 1703 354 1746 terque
377 1711 557 1745 quaterque
576 1715 665 1746 repe«

82 1750 150 1780 titis
165 1751 331 1782 communi
343 1751 463 1782 laetitiae
475 1762 542 1781 sese
557 1762 664 1794 aggre-

82 1796 185 1840 gabit.

136 1845 188 1875 13.
213 1845 357 1886 Duxque
378 1845 455 1876 ditm
478 1845 629 1887 procedit
650 1857 662 1877 .-

81 1891 146 1929 sic,
162 1892 232 1922 sine
247 1891 369 1932 dubio,
383 1893 576 1935 legendum3
591 1895 664 1934 quis

82 1939 170 1970 enim
202 1940 320 1981 pra-’ter
359 1941 590 1982 Imperatorem
629 1941 663 1971 in

81 1986 249 2028 triumpho
268 1987 433 2028 procedit,
458 1985 532 2018 cum
551 1988 586 2018 in
607 1988 664 2019 Ca-

81 2033 234 2075 pitolium
257 2034 408 2065 vehitur?
431 2035 494 2066 Cui
514 2036 578 2065 nisi
599 2036 662 2065 Im-

81 2082 222 2121 peratori
240 2082 425 2123 triumphus
449 2081 662 2112 acclamatur?

82 2127 174 2166 cnjus
206 2127 346 2170 denique
386 2127 485 2171 gratia
521 2129 663 2171 populus

81 2183 150 2205 rem
195 2186 317 2206 sacram
363 2175 436 2207 facit
446 2199 454 2213 ‚
492 2177 555 2206 nisi
595 2176 663 2215 ejus

80 2222 139 2261 qui
166 2222 369 2265 triumphat?
395 2223 456 2255 sed
482 2223 571 2254 certi>
600 2234 666 2254 cre-

720 1088 764 1119 do
821 1089 978 1130 scriptum
1020 1088 1118 1118 fuisse
1161 1088 1293 1129 Daque,

722 1135 839 1167 extrita
866 1136 945 1174 una,
982 1142 1019 1166 ut
1047 1135 1148 1174 solet,
1174 1134 1300 1173 littera,

720 1186 805 1215 Vera
833 1191 942 1214 autem
966 1183 1064 1214 lectio
1089 1188 1136 1213 est
1168 1190 1177 1212 :
1206 1183 1299 1212 Dua·-

719 1242 782 1273 que
818 1231 893 1262 ditm
913 1229 1083 1272 procedit,
1112 1237 1174 1261 etc.
1193 1230 1299 1261 Haur-

719 1289 800 1310 sms.

768 1331 821 1362 14.
843 1327 887 1356 Te
909 1332 994 1363 ate,
1014 1324 1155 1363 scilicet,
1184 1323 1204 1355 ὀ
1227 1324 1297 1356 An-

721 1374 813 1411 toni,
843 1383 940 1413 quem
978 1379 1168 1413 sumptuosa
1205 1371 1300 1403 docet

717 1418 832 1452 hostia.
845 1420 931 1451 Vide
943 1418 1040 1461 supra
1050 1442 1059 1456 ‚
1074 1419 1139 1451 Od.
1155 1420 1205 1450 111
1217 1442 1227 1458 ,
1242 1421 1298 1458 23,

722 1467 775 1498 18.
790 1485 836 1491 —
850 1468 928 1498 Me:
942 1478 1000 1509 per
1015 1466 1193 1497 modestam
1215 1468 1298 1498 anti-

718 1514 845 1552 thesim,
864 1521 958 1546 tener
976 1514 1098 1545 vitulus
1112 1525 1163 1544 me
1182 1513 1199 1545 a
1219 1521 1298 1546 voto

716 1572 790 1593 meo
806 1562 946 1593 liberum
968 1560 1092 1593 reddet.
1107 1578 1154 1584 —
1172 1559 1300 1592 Relt'ctlz'

717 1617 821 1640 maere
833 1620 845 1640 .·
856 1610 1001 1640 recenter
1011 1607 1028 1638 a
1037 1609 1119 1640 lacte
1133 1608 1298 1650 depulsus.

715 1674 762 1681 ·—
786 1659 827 1688 In
849 1668 924 1688 mea
942 1665 1027 1688 vota
1048 1667 1060 1687 .·
1078 1655 1217 1686 subaudi
1242 1667 1298 1687 ex-

715 1704 890 1747 sequenda.

769 1752 822 1784 15.
847 1754 966 1782 Fronte
986 1757 1133 1782 curvatos
1154 1749 1298 1781 imitatus

717 1799 808 1842 ignes
842 1798 982 1830 Tertium
1014 1799 1102 1829 luna·
1128 1797 1299 1838 referentis

718 1854 821 1877 ortum
858 1857 868 1876 .·
902 1845 1076 1877 osteudens
1121 1847 1156 1876 iu
1192 1845 1299 1876 fronte

717 1895 823 1936 prima
854 1903 1017 1924 cornuum
1045 1893 1209 1934 germina,
1248 1893 1298 1923 lu-

718 1952 768 1971 nae
786 1940 837 1971 die
850 1941 946 1972 tertio
963 1940 980 1971 a
996 1940 1176 1973 Novilunio
1195 1941 1300 1971 orien-

719 1990 759 2018 tis
804 1989 941 2019 formam
984 1988 1130 2018 falcatam
1173 1988 1301 2018 imitan-

719 2037 772 2066 tia.
787 2035 838 2066 Sic
857 2042 888 2065 et
910 2034 1124 2074 Claudianus,
1145 2034 1186 2066 de
1201 2037 1297 2076 Rapt.

717 2084 901 2124 Proserpin.
937 2084 972 2120 1,
1009 2082 1096 2120 128,
1137 2082 1177 2113 de
1213 2083 1299 2112 vitu-

715 2129 746 2160 la
764 2139 773 2161 :
791 2130 930 2161 Pedibus
953 2140 1026 2171 quae
1043 2129 1185 2160 nondam
1193 2135 1301 2171 prote-

718 2176 759 2207 rit
775 2188 873 2214 arva,
898 2178 968 2208 Nec
982 2189 1066 2208 ηονα
1090 2177 1214 2207 lunata»
1230 2186 1298 2206 cur-

719 2224 805 2256 vavit
825 2223 979 2268 germina
999 2224 1132 2267 frontis.
1157 2241 1204 2247 —
1226 2221 1299 2264 ρυὰ
