1422 2528
504 137 583 167 Lm.
604 135 622 166 1
645 134 807 167 SATIRA
830 135 893 167 111.

107 193 327 241 Delectant,
345 192 466 232 veluti
478 193 689 232 Balbinum
711 194 880 246 polypus
898 195 1059 244 Hagnae.
1290 202 1324 231 40

108 255 263 295 Vellem
278 255 319 292 in
337 254 510 293 amicitia
527 256 582 293 sic
599 269 819 293 erraremus
830 283 841 302 ,
859 264 897 293 et
915 255 979 294 isti

109 315 246 365 Errori
262 328 403 354 nomen
421 316 546 354 virtus
563 318 755 367 posuisset
770 317 977 354 honestum
994 324 1026 356 ⁹.

109 380 182 423 At,
199 385 311 427 pater
325 385 369 414 ut
388 376 512 426 gnati,
535 374 590 415 sic
608 390 679 414 nos
705 376 910 424 debemus,
926 377 1041 415 amici

112 436 154 475 Si
171 436 276 487 quod
296 436 344 473 sit
362 436 520 484 vitium,
539 449 618 474 non
638 437 823 474 fastidire.
845 437 1079 476 Strabonem

110 497 290 548 Appellat
308 505 450 548 paetum
468 505 598 549 patet-3
619 506 656 535 et
677 497 845 548 pullum,
865 498 964 535 male
981 510 1126 549 parvus
1290 506 1322 536 4⁵

114 558 156 595 Si
174 557 238 595 cui
256 558 356 596 filius
371 567 446 604 est,
469 567 512 596 ut
531 558 734 595 abortivus
755 557 828 595 fuit
850 556 942 595 olim

111 619 320 670 Sisyphu83
343 619 464 667 hunc,
485 633 643 667 varum,
666 619 841 656 distortis
859 619 1060 667 cruribus3
1078 619 1188 658 illum

114 679 287 720 Balbutit
301 694 502 731 scaurum,
519 682 650 732 pravis
668 681 808 719 fultum
828 681 928 719 male
945 681 1042 720 talis.

114 892 155 915 ex
170 883 323 923 Platone,
341 885 482 927 Republ,
504 887 545 923 V,
563 897 605 917 ex
628 887 690 917 Lu-

114 931 216 962 cretio
226 954 235 969 ,
250 933 310 970 lV,
331 943 344 962 1
355 939 416 971 147
429 955 437 970 ,
450 934 607 974 expressit
624 935 692 964 Ho-

114 979 232 1017 ratius3
260 979 358 1020 q'uem
383 979 500 1010 deinde
525 981 692 1010 aemulatus

94 1058 97 1060 ,
115 1032 163 1056 est
180 1025 217 1055 in
231 1027 312 1056 Arce
329 1026 470 1056 amandi
486 1026 643 1065 Ovidius,
660 1034 693 1057 et

115 1073 152 1103 in
178 1070 288 1103 eadem
316 1072 531 1114 Misanthrop.
563 1073 692 1112 fabula,

116 1125 179 1150 act.
208 1121 261 1157 ΙΙ,
285 1130 331 1151 sc.
358 1121 397 1158 5,
420 1121 612 1158 Molierius,
635 1122 697 1151 Lu-

115 1167 207 1196 cretii
246 1166 353 1197 tamen
390 1166 477 1197 fidus
515 1168 692 1208 interpres,

115 1213 215 1255 magis
242 1212 340 1254 quam
366 1215 494 1245 Horatii
522 1221 554 1244 et
582 1214 694 1245 Ovidii

113 1261 268 1291 imitator.
291 1277 338 1284 —
361 1261 504 1300 Polypus
530 1272 542 1290 :
566 1262 694 1291 narium

112 1307 264 1344 morbus,
291 1305 368 1337 cilm
400 1317 474 1337 caro
498 1306 588 1337 intus
610 1317 695 1337 cres-

113 1363 210 1390 cens,
235 1359 268 1383 et
289 1353 326 1383 in
345 1354 466 1383 multos
487 1353 629 1383 ramulos
651 1353 696 1383 di-

115 1400 200 1438 visa,
218 1410 311 1430 nares
338 1399 480 1431 obstruit
506 1409 515 1430 :
544 1399 652 1429 dictus
677 1398 696 1429 a

115 1446 258 1490 polypo,
271 1447 359 1488 pisce
374 1445 513 1488 quodam
523 1468 532 1483 ‚
545 1447 604 1488 qui
613 1446 696 1476 mul-

117 1492 262 1528 tisfibris
273 1517 282 1532 ,
299 1493 454 1534 tanquam
469 1492 624 1534 pedibus,
646 1496 696 1525 ni-

118 1541 197 1573 titur
208 1551 217 1579 ;
232 1540 272 1571 de
283 1551 350 1581 quo
360 1541 443 1571 Plin.
454 1539 514 1571 lib.
527 1542 588 1578 lx,
599 1551 627 1572 c.
641 1553 694 1572 20.

165 1598 200 1628 9.
221 1589 267 1618 Ec
285 1587 339 1618 isti
355 1586 471 1617 Errori
493 1598 612 1618 nomen
629 1588 697 1619 vit·-

118 1643 168 1667 tus
177 1634 335 1676 posuisset
343 1633 509 1666 honestum
519 1646 530 1664 :
541 1636 597 1676 qui
609 1635 695 1666 enim

118 1691 209 1714 error
223 1683 399 1712 amantium
410 1683 567 1712 insaniam
580 1684 695 1724 arguit,

116 1730 205 1761 idem
245 1731 424 1759 amicorum
461 1729 696 1771 indulgentiam

117 1777 194 1808 vere
207 1775 400 1806 laudandam
414 1776 604 1806 denotat.-
613 1778 699 1806 Stra-

116 1823 233 1855 bonem
248 1835 260 1854 :
273 1825 331 1865 qui
344 1823 456 1854 ocutos
475 1820 630 1854 distortos
645 1823 697 1853 ha-

116 1871 190 1909 bet,
224 1871 420 1911 vitiososque
454 1870 573 1911 magis,
599 1869 697 1911 quam

118 1929 193 1950 eum
212 1919 270 1959 qui
290 1924 410 1958 paetus,
427 1916 461 1948 h.
485 1929 512 1948 e,
537 1918 592 1947 cui
608 1917 697 1947 oculi

118 1966 280 1996 nictantes
297 1971 330 1995 et
353 1965 532 1994 semiclausi
546 1970 633 1995 sunt.
649 1982 698 1987 —

120 2012 250 2043 Pullum
267 2022 278 2042 :
294 2011 470 2052 pusillum,
497 2012 550 2041 cui
575 2018 696 2041 statura

120 2058 228 2089 brevis
258 2058 408 2100 quidem,
446 2069 550 2099 neque
590 2058 697 2088 tamen

121 2105 275 2148 elegantia
293 2116 414 2136 carens.
434 2123 482 2128 —-
506 2105 596 2136 Male’
615 2115 697 2145 par-

121 2162 174 2183 vus
189 2163 200 2183 :
216 2151 299 2183 ultra
321 2152 455 2183 modum
482 2161 619 2194 parvus,
644 2162 698 2182 na-

119 2209 194 2230 nus.
208 2216 255 2222 —-
269 2198 421 2240 Sisyphus
436 2210 447 2229 .·
461 2210 542 2240 puer
558 2199 697 2229 Antonii

121 2246 283 2278 triumviri
313 2247 469 2288 pumilio,
495 2246 578 2278 duos
600 2244 698 2288 pedes

747 884 848 923 altus,
869 884 957 915 vafer
974 890 1006 915 et
1027 881 1202 921 subdolus,
1229 890 1325 924 atque

746 932 820 962 ideo
844 932 952 962 dictus
980 931 1156 972 Sisyphus,
1183 931 1240 971 qui
1266 930 1339 966 fuit-

747 978 832 1010 AEoli
852 977 1017 1019 quondam
1037 976 1141 1014 filins,
1164 976 1181 1007 a
1200 977 1327 1007 Theseo

747 1026 950 1062 interfectus,
983 1024 1084 1055 homo
1126 1023 1325 1055 vaferrimus.

749 1089 795 1096 —-
810 1073 908 1102 Hunc
919 1094 928 1108 ,
942 1082 1079 1107 varum,
1097 1070 1238 1101 distortis
1255 1081 1326 1100 cru-

749 1119 833 1150 ribus
848 1130 860 1149 :
871 1119 952 1148 alius
968 1116 1075 1148 filium
1093 1129 1190 1148 suum
1205 1118 1263 1158 qui
1281 1124 1329 1148 est

749 1165 893 1196 distortis
921 1164 1007 1194 soede
1023 1165 1196 1201 cruribus,
1223 1163 1328 1206 appel-

749 1213 794 1243 lat
811 1222 937 1243 varum.
960 1213 1016 1242 Est
1039 1212 1147 1241 autem
1170 1222 1283 1249 varus,
1300 1212 1328 1242 is

749 1261 808 1300 qui
823 1269 916 1289 crura
932 1259 1110 1288 introrsum
1127 1269 1217 1289 versa
1235 1265 1267 1289 et
1282 1269 1329 1289 ar-

751 1313 826 1335 cuta
844 1305 959 1341 habet,
977 1305 1060 1334 suris
1070 1303 1226 1335 immedio
1240 1304 1280 1335 ad
1295 1315 1331 1335 se

749 1351 890 1382 invicem
906 1350 1136 1381 accedentibus
1147 1361 1154 1382 ι
1165 1350 1249 1382 sicut
1267 1351 1330 1381 val-

750 1409 808 1441 gus
818 1421 826 1434 ‚
843 1398 901 1438 qui
911 1408 1006 1428 crura
1020 1405 1202 1428 extrorsum
1220 1409 1308 1429 versa
1318 1422 1327 1437 ‚

750 1452 782 1475 et
794 1444 981 1475 recedentes
996 1443 1013 1474 a
1030 1454 1063 1475 se
1071 1442 1212 1476 invicem
1223 1456 1328 1484 suras,

749 1503 854 1536 genua
871 1491 949 1523 vero
970 1491 1010 1522 ad
1031 1503 1065 1523 se
1089 1492 1275 1524 accedentia
1298 1501 1331 1525 et

750 1540 848 1582 pedes
876 1539 984 1570 habet.
1001 1541 1107 1569 Varus
1126 1540 1253 1579 autem,
1270 1542 1330 1572 etsi

750 1589 905 1618 vitiosum
921 1586 1044 1627 aliquid
1061 1586 1242 1628 siguificat,
1253 1588 1331 1619 mol·

750 1635 814 1665 lius
847 1634 953 1664 tamen
982 1641 1029 1664 est
1056 1635 1250 1665 vocabulum
1261 1659 1269 1674 ,
1298 1642 1331 1666 et

752 1688 1005 1723 cognomentum
1018 1681 1198 1712 multorum
1211 1685 1330 1714 Roma-

751 1739 871 1759 norum
886 1728 1058 1759 nobilium.
1073 1745 1119 1753 —-
1132 1729 1232 1759 Illum
1252 1730 1331 1760 Bal·

752 1776 832 1806 butic
860 1786 1009 1805 scaurum
1019 1798 1030 1812 ‚
1069 1775 1179 1816 pravis
1201 1775 1329 1818 fidcum

753 1822 840 1853 male
868 1822 945 1853 talis
972 1822 1088 1853 :idem
1115 1830 1206 1864 pater
1231 1823 1331 1854 alium
1374 1826 1379 1829 ”

750 1880 846 1900 suum
860 1868 965 1899 filium
975 1892 984 1908 ,
1001 1871 1059 1911 qui
1074 1869 1154 1900 talos
1172 1869 1270 1901 habet
1282 1872 1331 1901 vi-

753 1916 832 1946 tiose
863 1924 1064 1958 compactos,
1100 1916 1259 1956 balbutit,
1294 1917 1330 1948 id

751 1970 817 2001 est,
846 1963 1063 1994 balbutiendo
1091 1963 1246 2006 appellat,
1269 1970 1332 1995 tre-

751 2010 839 2041 mula
862 2018 894 2040 et
922 2010 1020 2041 fracta
1050 2021 1131 2041 voce
1153 2010 1234 2042 dicit
1264 2022 1332 2042 esse

750 2068 912 2089 scaurum.
937 2058 1049 2089 Scauri
1074 2065 1245 2096 vocantur,
1275 2059 1333 2100 qui

750 2105 831 2134 vitio
860 2104 970 2145 aliquo
997 2104 1136 2135 talorum
1163 2104 1330 2143 laborant,

750 2151 870 2192 quibus
894 2151 1017 2182 inflexo
1042 2158 1075 2182 et
1108 2153 1238 2182 inverso
1268 2152 1331 2183 talo

750 2197 847 2239 pedes
863 2197 991 2229 distorti
1003 2205 1100 2229 sunt:
1119 2197 1184 2239 qua
1196 2209 1237 2228 ex
1254 2209 1333 2229 voce

750 2244 872 2276 factum
894 2245 973 2276 olim
998 2255 1180 2289 cognomen
1199 2245 1332 2277 nobilis-

1256 141 1321 164 201
1371 152 1374 159 ·
