1422 2528
481 121 562 153 Lm.
585 120 602 151 1
632 117 796 151 SATmA
818 117 895 149 vll.

1233 117 1300 154 245

22 189 26 192 ”
80 185 274 226 Omnibus
293 190 332 223 et
351 180 468 234 lippis
483 187 622 219 notum
634 187 674 217 et
689 174 914 216 tonsoribus
933 187 1028 214 esse.

79 247 238 287 Persius
250 245 316 284 hic
333 254 544 297 permagna
562 240 720 292 negotia
735 238 845 277 dives
863 236 1036 276 habebat
1055 245 1068 261 ²

81 306 340 354 Clazomenis,
354 305 472 344 etiam
487 304 574 342 lites
589 314 679 340 cum
701 303 810 351 Rege
829 298 1028 348 molestas,
1283 308 1297 332 5

81 374 215 409 Durus
230 370 372 417 homo,
390 375 508 418 atque
526 364 620 404 odio
638 363 707 414 qui
726 368 858 414 posset
876 361 1035 400 vincere
1051 363 1216 413 Regem,

81 431 286 470 confidens
297 458 308 478 ‚
330 427 599 490 tumidusque,
615 422 714 463 adeo
731 421 919 462 sermonis
939 423 1081 472 amari,

81 493 280 539 Sisennas,
299 493 440 529 Barros
453 497 498 527 ut
515 486 624 538 equis
642 489 901 539 praecurreret
917 483 1027 522 albis.

80 555 143 593 Ad
159 557 307 605 Regem
324 551 455 590 redeo.
476 549 688 600 Postquam
703 545 801 585 nihil
816 546 920 584 inter
935 553 1147 596 utrumque

80 615 272 657 Convenit
289 613 304 637 ³
325 612 421 666 (hoc
439 609 583 651 etenim
600 618 690 650 sunt
708 620 842 647 omnes
857 607 948 659 jure
969 607 1139 653 molesti,
1266 625 1296 641 ιο

81 784 172 805 resve
181 773 373 805 commixtio
384 771 557 815 quamdam
567 770 662 800 adul-

81 820 157 854 terii
168 821 307 863 speciem
323 819 434 852 refert.
442 837 490 843 —
502 817 661 849 Omnibus

82 876 117 900 ee
137 867 236 910 lippis
258 875 372 900 notum
392 874 426 898 et
448 864 630 898 consoribus
648 876 660 895 .-

82 917 250 948 notissima
302 914 437 958 quidem
489 921 662 945 tonsorum

83 965 212 995 curiosa
229 963 272 994 de
292 962 390 994 rebus
411 962 508 993 novis
521 971 661 1003 quarum

82 1013 269 1043 narratione
292 1010 429 1042 clientes
453 1020 532 1041 suos
554 1008 662 1039 delec-

83 1057 174 1098 tent,
206 1059 431 1101 investigati03
463 1056 525 1088 nec
554 1053 664 1087 minus

82 1113 162 1138 nota
183 1105 353 1149 garrulitas
381 1115 454 1147 quae
475 1105 511 1135 in
531 1113 664 1145 prover-

83 1154 177 1185 bium
193 1154 304 1192 venit,
329 1160 363 1184 et
387 1153 447 1183 uni
471 1152 489 1183 ὲ
510 1151 664 1182 facetissi-

82 1200 301 1233 missArabum
308 1200 490 1231 fabularum
500 1199 561 1241 (les
571 1198 665 1230 Mille

81 1255 117 1280 et
132 1259 197 1279 une
207 1247 315 1292 nuits)
324 1249 493 1280 materiem
509 1246 662 1289 praebuit.

82 1295 146 1328 sed
162 1296 244 1338 quid
261 1294 372 1338 lippis,
393 1295 428 1326 h.
444 1306 472 1327 e.
491 1294 663 1326 oculorum

84 1343 202 1375 morbo
227 1342 464 1378 laborantibus,
491 1341 590 1383 quid,
613 1342 665 1372 in-

85 1401 182 1432 quam
194 1413 203 1428 ,
227 1391 264 1422 in
277 1390 363 1421 hanc
381 1399 449 1420 rem
461 1413 470 1428 ,
495 1399 571 1419 cum
596 1394 666 1418 ton-

85 1437 237 1470 soribus?
250 1438 366 1479 Lippi,
386 1437 413 1467 si
428 1434 664 1477 interpretibus

85 1485 243 1524 creditur,
261 1485 384 1527 quanto
411 1482 520 1514 minus
539 1482 662 1520 oculis,

85 1533 177 1565 tanto
205 1532 308 1575 magis
343 1531 478 1563 auribus
507 1536 661 1569 utuntur,

86 1581 252 1622 uniusque
276 1580 391 1622 organi
420 1578 576 1610 damnum
598 1577 662 1608 fre-

87 1628 253 1670 quemiori
277 1627 409 1659 alterius
430 1626 663 1658 exercitatione

88 1681 319 1717 compensant3
333 1676 441 1706 omnia
458 1671 561 1715 igitur
577 1682 663 1704 nova

87 1724 299 1766 investigant,
343 1729 380 1753 ut
412 1729 542 1763 tempus
574 1720 664 1762 quod

86 1770 229 1801 videndo
257 1779 450 1801 consumere
474 1774 661 1810 nequeunt,

86 1817 199 1849 saltem
213 1816 378 1848 audiendo
392 1822 509 1848 terant.
534 1815 585 1846 Ita
604 1815 664 1853 sit,

86 1875 196 1907 neque
210 1865 270 1907 per
280 1875 334 1896 me
345 1864 490 1895 obstabit
508 1863 589 1905 quin
607 1863 665 1893 sal-

87 1911 127 1944 vii
163 1913 293 1944 Horatii
326 1910 428 1951 fama,
466 1909 665 1942 infirmitatis

86 1970 252 2002 corporeae
290 1967 323 1990 et
358 1960 435 1990 artis
470 1958 665 1989 mechanicae

85 2007 255 2047 adjunctio
285 2007 457 2050 singularis
487 2006 534 2037 sie
563 2005 666 2047 expli-

85 2061 190 2087 cetur.
216 2057 304 2087 Scire
330 2054 438 2085 tamen
462 2053 560 2084 velim
584 2051 666 2083 niam

86 2103 123 2134 in
137 2101 234 2144 poeta
250 2100 358 2134 minus
370 2101 537 2133 laudando
552 2100 664 2132 lauda-

86 2155 188 2182 retur.
359 2169 363 2178 .

134 2207 168 2229 2.
192 2197 346 2228 Habebat
371 2210 382 2229 :
414 2195 507 2227 aliter
532 2195 666 2237 legitur,

85 2245 217 2288 agebat.
234 2263 281 2270 -
303 2243 511 2277 Clazomenis
527 2253 539 2274 :
555 2243 667 2276 Clazo-

1143 711 1167 734 Ι

715 778 819 799 menae
834 768 915 799 urbs
932 775 999 799 erat
1022 768 1109 799 Asiae
1131 769 1273 800 Minoris
1284 794 1294 807 ,

715 816 821 857 ampla
834 822 867 846 et
882 815 974 847 dives
984 839 993 854 ‚
1006 815 1042 846 in
1064 814 1101 846 ea
1116 822 1207 857 parte
1223 827 1297 858 quae

715 864 807 894 Ionia
820 863 961 894 Asiatica
971 862 1211 895 vocabatur.—-
1217 864 1298 895 Cum

716 912 806 954 Rege
824 922 836 941 :
855 921 933 942 cum
955 910 1109 952 Rupilio,
1126 912 1186 952 qui
1200 912 1299 955 Regis

717 969 901 1000 cognomen
916 957 1178 999 acceperat.Vid.
1189 960 1297 1001 Argu-

718 1015 874 1038 mentum.
903 1024 951 1030 ——-
982 1005 1066 1036 Odio
1096 1017 1107 1036 .·
1138 1009 1297 1037 sermonis

717 1053 893 1085 acerbitate
901 1076 910 1092 ,
925 1054 1061 1085 dicacite
1088 1054 1278 1095 importuna
1287 1078 1295 1092 ,

718 1100 834 1133 eodem
852 1112 949 1133 sensu
965 1110 1032 1143 quo
1046 1102 1083 1132 in
1097 1098 1229 1140 Hecyra*
1240 1103 1298 1133 Te-

719 1147 888 1181 rentiana:
910 1149 1079 1180 tundendo
1102 1156 1203 1191 atque
1222 1149 1297 1180 odio

719 1196 858 1238 denique
874 1195 996 1240 effecit.
1017 1214 1066 1221 --
1091 1195 1266 1240 Confidens
1286 1210 1295 1227 .-

719 1244 827 1275 andax
837 1267 846 1283 ‚
862 1245 988 1276 nemini
1004 1255 1148 1286 parcens,
1166 1262 1214 1267 ——
1236 1246 1264 1275 T
1262 1255 1297 1274 u-

721 1292 827 1323 midus
850 1302 862 1322 :
878 1291 956 1333 quia
974 1292 1083 1329 dives;
1101 1291 1177 1322 vide
1189 1291 1299 1334 supra.

719 1339 948 1376 -Sisennas‚
964 1341 1086 1370 Barros
1096 1351 1108 1370 .-
1121 1339 1161 1369 de
1175 1340 1278 1371 Bai-ro
1288 1363 1297 1377 ‚

716 1386 783 1426 jam
818 1387 854 1418 in
893 1387 998 1418 satiris
1036 1386 1299 1428 praecedentibus

719 1442 828 1465 actum
845 1441 904 1466 est.
923 1435 1059 1466 Sisenna
1074 1434 1190 1465 aculeo
1210 1435 1300 1465 certe

718 1493 787 1513 non
804 1483 928 1520 caruit,
951 1483 1028 1523 qui,
1051 1489 1090 1513 ut
1112 1483 1182 1514 Dio
1199 1481 1300 1513 refert

717 1540 788 1571 cap.
799 1530 819 1561 5
823 1536 855 1568 4,
869 1528 910 1560 de
921 1530 1036 1560 uxoris
1049 1528 1115 1560 vita
1128 1528 1301 1571 reprehen-

717 1587 790 1615 sus,
810 1578 847 1608 in
860 1584 975 1608 senatu
988 1587 1085 1608 ausus
1101 1576 1201 1608 fuerit
1215 1577 1299 1608 dice-

718 1635 753 1655 re
785 1635 819 1655 se
849 1624 939 1655 illam
964 1631 996 1655 et
1020 1625 1142 1656 sciente
1166 1631 1199 1655 et
1225 1635 1297 1656 sua-

718 1671 815 1703 dente
832 1673 983 1714 Augusto
1003 1672 1128 1704 Caesare
1143 1667 1276 1703 duxisse
1286 1696 1295 1710 ‚

719 1725 836 1750 notans
849 1720 1009 1761 principis
1024 1730 1099 1751 cum
1112 1718 1150 1750 ea
1165 1730 1299 1758 consue-

718 1767 866 1798 tudinem
877 1790 886 1805 ,
907 1777 1006 1809 quam
1018 1768 1145 1809 nuptiis
1163 1767 1297 1797 celatam

717 1814 826 1846 vellet.
850 1832 897 1838 —-
922 1816 963 1846 Ue
982 1814 1074 1856 equis
1086 1822 1300 1856 praecurreret

718 1861 802 1893 albis
816 1873 827 1891 .·
845 1869 883 1893 ut
898 1862 994 1904 longe
1010 1869 1190 1904 superaret.
1212 1863 1299 1904 Equi

718 1909 803 1947 albi,
818 1910 966 1941 omnium
989 1909 1188 1941 velocissimi
1201 1919 1298 1952 repu-

718 1957 883 1988 tabantur.

767 2004 800 2037 3.
811 2003 988 2046 Postqucim
999 2003 1175 2036 ηιἹιιῚίηῑὲν
1182 2011 1300 2036 utrum-

719 2063 783 2094 que
801 2051 955 2084 Convenit
969 2063 982 2083 .·
1002 2051 1176 2094 postquam
1195 2052 1299 2083 amici:

719 2100 812 2131 litem
825 2111 918 2131 suam
931 2109 1129 2141 componere
1142 2101 1300 2142 nequive-

721 2154 812 2179 runt.
849 2149 959 2190 Longa
988 2146 1108 2179 deinde
1138 2147 1298 2189 sequitur,

720 2202 754 2226 et
769 2194 855 2227 ultra
875 2194 1010 2226 modum
1031 2202 1164 2226 extensa
1183 2202 1298 2236 paren-

722 2241 837 2282 thesis,
855 2247 976 2275 novem
989 2243 1138 2275 versibus
1154 2241 1297 2278 inclusa,

1075 2296 1142 2334 21*
