1422 2528
107 0 142 29 κζ

297 0 318 36 22⁵

508 104 589 136 Lm.
613 103 664 135 1v
688 103 778 135 ODE
801 104 896 135 VIII.
1078 98 1081 100 ’
1278 102 1313 132 ἰῐ

202 170 339 207 Ferres
357 174 392 215 ²,
409 166 530 206 divite
546 179 608 204 me
628 165 775 204 scilicet
794 165 936 202 artium
1075 174 1091 181 ·
1301 166 1316 191 5

202 229 310 275 Quas
326 235 393 266 aut
414 226 640 265 Parrhasius
662 225 845 277 protulit,
865 232 932 262 aut
951 226 1117 274 Scopas,

203 288 278 326 Hic
294 301 388 326 saxo
399 316 409 336 ,
428 287 584 339 liquidis
601 287 666 325 ille
689 285 886 324 coloribus

208 350 338 389 Solers
354 363 458 387 nunc
471 348 669 387 hominem
687 360 854 399 ponere,
874 359 978 383 nunc
999 347 1139 382 Deum.

206 410 282 450 Sed
299 423 377 448 non
392 409 475 448 haec
499 410 596 447 mihi
610 410 669 448 vis
690 409 725 456 ³3
744 422 815 446 nee
834 407 906 446 tibi
926 407 1062 444 talium

205 473 282 509 Res
304 479 382 519 est,
401 479 468 509 aut
487 471 637 508 animus
658 469 885 508 deliciarum
906 481 1034 518 egens.
1289 484 1318 499 ιο

208 531 363 571 Gaudes
380 531 618 570 carminibus
626 546 638 579 ;
651 531 1053 580 carmina’possumus

208 595 382 641 Donare,
403 603 441 631 et
460 594 630 644 pretium
647 593 776 630 dicere
795 591 959 630 muneri.

208 654 297 692 Non
313 654 433 706 incisa
452 655 553 692 notis
569 666 760 691 marmora
781 652 947 704 publicis
965 653 981 682 4
992 680 1003 700 ‚

209 717 283 753 Per
303 729 389 766 quae
405 716 564 767 spiritus
583 725 621 754 et
640 716 721 754 vita
739 714 843 753 redit
863 714 976 752 bonis

209 777 300 814 Post
314 783 479 814 mortem
496 775 679 825 ducibus3
697 789 776 814 non
793 775 936 814 celeres
952 774 1070 826 fugae,
1294 785 1323 810 15

153 972 185 994 2.
193 961 309 1003 Neque
315 967 348 991 tu
353 958 498 1001 pessima
514 970 684 992 munerum

107 1011 239 1041 Ferres:
256 1018 315 1050 per
328 1007 464 1045 litoten3
482 1009 604 1049 optima
623 1008 686 1039 tibi

106 1065 242 1087 munera
257 1054 433 1098 seligerem.
447 1072 496 1078 --
508 1054 615 1086 Divite
634 1066 686 1086 me

105 1103 205 1135 scilic.
215 1102 334 1133 artium
345 1113 356 1133 :
365 1103 394 1133 si
400 1113 546 1144 magnam
559 1104 687 1144 copiam

105 1153 246 1183 istorum
263 1160 400 1192 operum
413 1149 623 1191 possiderem,
641 1149 681 1180 ad

106 1205 190 1229 artes
210 1197 282 1229 illas
303 1198 537 1239 pertinentium
560 1198 594 1228 in
613 1198 686 1239 qui-

107 1245 169 1276 bus
189 1244 416 1276 excelluerunt
429 1243 616 1276 Parrhasius
631 1251 689 1275 aut

109 1294 240 1335 Scopas.
257 1309 306 1316 -—-
321 1291 384 1322 Hic
415 1302 498 1322 saxo
526 1304 538 1323 .-
570 1294 688 1334 Scopas

109 1340 241 1378 scilicet,
247 1340 382 1382 insignis
393 1339 574 1376 statuarius,
587 1340 691 1382 Ephe-

111 1387 139 1419 si
160 1386 292 1426 floruit,
317 1397 404 1417 anno
428 1386 502 1416 ante
525 1387 692 1418 Christum

114 1435 208 1471 ‘430⁰-
224 1451 273 1459 —-
288 1433 350 1464 Ille
368 1444 380 1463 .-
398 1432 586 1464 Parrhasius
597 1457 605 1471 ‚
625 1434 693 1475 pic-

113 1488 166 1513 tor
179 1482 338 1524 egregius,
345 1487 441 1511 natus
451 1490 582 1522 quoque
591 1480 695 1522 Ephe·

114 1529 160 1567 si,
180 1535 280 1560 artem
306 1538 398 1558 suam
430 1526 568 1558 Athenis
598 1537 691 1558 exer-

114 1576 183 1606 cuit
191 1586 278 1606 anno
290 1576 331 1606 A.
342 1575 379 1606 C.
397 1577 690 1611 400⁰.—Ponere.·

116 1633 196 1661 vox,
212 1629 250 1653 ut
264 1623 375 1660 aiunt,
387 1621 534 1652 technica
543 1645 551 1660 ‚
564 1621 638 1652 cum
649 1621 690 1652 de

114 1668 244 1711 picturi:
269 1675 326 1700 aut
349 1668 517 1711 sculptura
535 1671 652 1711 agitur,
672 1679 691 1700 a

116 1717 239 1748 Graecis
266 1715 416 1747 translata
437 1713 597 1759 (ἱστάναι,
612 1714 692 1747 τίθε-

115 1764 218 1807 ναι);
248 1762 284 1794 Si
313 1765 472 1794 Venerem
500 1763 586 1795 Coiis
607 1775 691 1794 nun-

115 1811 213 1854 quam
231 1809 392 1852 posuisset
417 1811 567 1852 Apelles,
593 1810 691 1843 Ovid.

116 1860 190 1891 Art.
206 1859 281 1890 Am.
300 1859 367 1896 111,
379 1863 441 1894 401
457 1865 509 1896 ;et
518 1857 602 1888 infra
618 1859 692 1890 Art.

117 1913 204 1948 poet.
222 1907 265 1943 34
277 1915 285 1937 :
297 1905 425 1948 Infelix
438 1905 542 1946 operis
552 1902 691 1944 summa,

119 1953 198 1996 quia
201 1963 326 1995 ponere
341 1960 441 1983 totum
457 1952 598 1984 Nesciet.

168 2002 200 2032 3.
222 1999 290 2031 Sed
316 2010 382 2030 non
410 1998 481 2029 lzaec
509 1999 588 2030 milzi
614 1999 668 2030 vis
684 2011 696 2030 :

121 2058 190 2079 non
212 2047 294 2078 mihi
317 2046 357 2077 ad
385 2046 480 2076 talem
504 2046 698 2078 munificen-

122 2095 199 2125 tiam
210 2093 258 2125 sat
270 2104 395 2136 magnae
409 2104 489 2135 opes
503 2101 695 2135 suppelunt.

121 2159 171 2165 -—-
182 2142 254 2172 Nec
270 2141 327 2172 tibi
344 2140 457 2172 eah'um
475 2142 538 2171 Res
558 2149 623 2179 est,
640 2149 700 2172 aut

121 2187 248 2219 'animus
273 2187 462 2219 deliciarum
497 2199 596 2231 egens
611 2198 623 2218 .·
648 2199 700 2219 res

122 2242 189 2274 tua,
211 2235 245 2267 h.
261 2246 290 2269 e.
314 2235 446 2267 fortuna
471 2241 526 2266 tua
542 2246 611 2267 non
630 2242 702 2278 eget

737 960 806 992 istis
822 958 920 990 rebus
932 969 1010 1001 quas
1024 958 1231 990 abundanter
1249 971 1325 1002 pos-

738 1008 840 1046 sides3
856 1006 1006 1043 animus,
1030 1005 1105 1037 cum
1128 1007 1213 1038 nibil
1237 1007 1323 1038 ultra

738 1056 774 1086 id
792 1054 884 1096 quod
900 1054 1000 1084 habes
1023 1061 1164 1096 appetas,
1180 1072 1228 1078 -—
1243 1057 1324 1086 Pre-

739 1102 817 1134 tium
833 1101 941 1132 dicere
954 1101 1080 1132 muneri
1093 1113 1104 1131 :
1119 1108 1151 1132 et
1166 1103 1239 1144 ipso
1259 1112 1325 1133 ear-

739 1151 828 1181 mine
846 1159 913 1191 quo
928 1156 958 1179 te
972 1159 1164 1180 remuneror
1178 1149 1325 1180 indicare

740 1197 836 1240 quale
863 1197 904 1226 sit
937 1196 1017 1227 doni
1038 1197 1132 1227 istius
1159 1198 1303 1238 pretium
1317 1221 1325 1236 ‚

741 1245 852 1287 qualis
869 1243 1020 1285 dignitas.

790 1298 821 1329 4.
841 1291 918 1322 Non
940 1290 1046 1321 incisa
1062 1290 1145 1322 nocis
1162 1302 1328 1322 marmora

739 1338 882 1380 publicis
898 1349 909 1368 .·
928 1349 996 1369 non
1010 1346 1189 1369 statuarum
1204 1339 1333 1369 Africa-

746 1397 790 1417 no
807 1393 986 1417 erectarum
1009 1396 1199 1416 marmoreae
1215 1386 1328 1424 bases,

747 1434 850 1464 titulis
867 1440 898 1464 et
913 1434 1184 1474 inscriptionibus
1198 1433 1330 1475 publica

749 1481 944 1511 auctoritate
985 1481 1096 1511 incisis
1148 1480 1328 1519 decoratae,

749 1528 867 1558 claritas
879 1527 1030 1558 indicant
1041 1528 1110 1568 ejus
1126 1527 1240 1559 laudes
1248 1528 1331 1570 (vid.

743 1574 846 1614 infra,
875 1571 988 1606 versus
1020 1586 1061 1617 ¹9
1083 1583 1116 1606 et
1144 1575 1212 1618 20)
1229 1576 1329 1617 quam

745 1630 804 1654 etc.
817 1641 865 1647 --
875 1624 942 1653 Per
952 1633 1026 1664 quae
1041 1622 1168 1664 spiritus
1186 1630 1220 1654 et
1232 1623 1307 1654 vita
1319 1634 1331 1653 .-

745 1669 822 1701 nam
841 1670 956 1700 heroes
974 1671 1011 1701 in
1033 1671 1101 1700 suis
1133 1671 1332 1712 imaginibus

745 1718 939 1748 reviviscere
969 1724 1000 1748 et
1026 1716 1131 1748 adhuc
1150 1719 1273 1759 spirare
1289 1719 1336 1748 vi-

746 1764 877 1796 dentur.
898 1763 1055 1795 Eamdem
1079 1766 1270 1796 sententiam
1288 1776 1335 1796 re·

747 1818 915 1842 tractatam
943 1813 1085 1853 reperias
1103 1811 1206 1850 infra,
1226 1813 1332 1854 Epist.

748 1860 798 1897 11,
817 1869 847 1897 1,
863 1859 929 1896 248
944 1869 954 1891 ι
974 1860 1044 1890 Nec
1061 1858 1168 1901 magis
1187 1860 1334 1901 expressi

748 1907 858 1937 ‘vultus
865 1917 928 1947 per
943 1905 1073 1938 ahenea
1088 1906 1184 1949 signa
1194 1930 1203 1945 ‚
1222 1907 1330 1949 ριιὰηι

745 1964 808 1995 per
819 1954 912 1985 vacis
930 1964 1021 1994 epm,
1042 1965 1147 1985 mores
1162 1954 1334 1996 animique

750 2000 896 2031 virorum
914 2001 1081 2032 Clarorum
1098 2010 1271 2043 apparent.
1288 2020 1335 2025 -

750 2049 828 2079 Non
856 2048 977 2079 celeres
988 2047 1087 2092 fitgoe
1102 2061 1113 2079 :
1133 2060 1240 2090 neque
1268 2050 1335 2091 ipsa

750 2095 832 2126 facta
859 2097 1039 2137 Scipionis,
1064 2095 1250 2138 quanquam
1279 2107 1337 2138 per

752 2153 786 2173 se
811 2143 955 2185 egregia,
980 2149 1017 2173 ut
1038 2144 1189 2182 trajectus
1223 2143 1278 2173 ille
1303 2145 1338 2173 in

753 2189 898 2220 Africam
925 2201 984 2231 per
1001 2201 1098 2231 quem
1120 2190 1339 2221 Hannibalem

756 2237 918 2279 compulit
940 2243 997 2277 ut,
1023 2237 1184 2276 celeriter,
1215 2236 1340 2268 deserti

1168 2287 1210 2334 4*
