1422 2528
546 107 625 139 Lm.
647 106 666 138 1
687 104 850 139 SATIRA
866 108 911 138 V.

1269 116 1333 146 227

121 170 300 219 Namque
314 166 394 219 pila
414 165 532 218 lippis
549 166 752 206 inimicum
765 175 804 206 et
819 166 957 205 ludere
974 165 1117 205 crudis.

175 228 278 269 Hinc
295 242 367 268 nos
382 228 537 268 Cocceii
557 229 698 280 recipit
716 228 938 281 plenissima
952 227 966 250 ⁸
989 227 1098 275 villa,
1306 237 1337 262 ⁵0

123 295 222 340 Quae
235 291 352 343 super
368 300 426 330 est
446 288 570 329 Caudi
583 304 792 342 cauponas.
814 293 930 329 Nunc
945 289 1042 327 mihi
1060 289 1194 340 paucis

122 352 316 391 Sarmenti
333 364 478 390 scurrae
490 364 661 403 pugnam
675 350 872 402 Messique
885 350 1042 398 Cicirri,

121 415 253 461 Musa,
275 413 391 452 velim
404 425 614 462 memoreS,
629 423 667 452 et
684 426 763 464 quo
777 421 889 465 patre
907 420 1020 449 natus
1035 419 1200 462 uterque

121 474 339 512 eontulerit
355 474 457 513 lites.
475 473 595 512 Messi
614 475 760 513 clarum
779 486 899 525 genus
919 471 1012 510 Osci
1030 479 1066 521 ⁹5

122 536 315 574 Sarmenti
331 535 490 574 domina
508 544 644 575 exstat.
664 536 727 575 Ab
744 536 805 574 his
824 533 1036 586 majoribus
1052 535 1129 572 orti
1305 542 1336 567 55

121 597 184 636 Ad
203 611 372 649 pugnam
387 599 542 637 venere.
559 598 671 636 Prior
692 601 918 637 Sarmentus
936 611 944 633 :
963 612 979 630 α
992 595 1094 646 Equi
1113 603 1150 633 te

121 674 138 691 υ
156 659 249 696 Esse
268 658 341 697 feri
358 658 522 696 similem
537 658 637 698 dico.
654 675 671 694 »
688 659 896 705 Ridemus3
918 665 956 695 et
971 657 1054 707 ipse

116 718 285 758 ,Messius
304 733 312 756 :
328 736 345 754 «
358 719 538 771 Accipio3
553 737 568 754 n
589 730 707 772 caput
728 729 767 758 et
782 728 914 757 movet
934 732 942 755 :
959 735 975 752 «
988 719 1037 764 O,
1051 724 1118 754 tua
1133 728 1255 754 cornu

122 796 138 814 υ
154 781 207 819 Ni
223 780 325 820 foret
341 789 497 820 exsecto
516 781 623 821 frons
639 790 668 805 ¹0
678 811 690 831 ‚
706 781 834 834 inquit
843 808 855 828 ,
874 779 969 831 quid
987 779 1151 827 faceres,
1167 780 1255 816 cum

122 925 155 948 et
176 916 289 949 ludere
311 917 416 949 cmdis
443 930 455 949 .-
478 919 635 959 Horatio,
664 926 702 951 ut

121 963 219 1007 supra
250 964 407 1007 legimus,
448 966 536 996 oculi
573 966 700 998 labora-

120 1011 201 1043 bant
210 1035 220 1051 ‚
234 1012 372 1054 Virgilio
387 1013 582 1045 stomachus.
600 1015 701 1045 Porro

107 1060 260 1090 'noxium
283 1060 416 1100 utrique
437 1060 550 1091 suisset
568 1060 635 1102 pila
655 1061 703 1092 lu-

119 1104 217 1146 dere;
239 1105 414 1137 vehemens
435 1107 523 1138 enim
548 1109 703 1139 exercita-

120 1154 189 1191 tio,
205 1153 309 1195 qualis
327 1160 375 1184 est
399 1154 436 1185 in
461 1154 525 1185 hoc
544 1155 624 1186 ludo
644 1153 701 1197 (Ia

111 1201 260 1242 paume)
271 1223 281 1238 ,
293 1207 390 1232 nocet
414 1201 505 1232 cibos
523 1202 605 1233 male
624 1212 699 1233 con-

118 1247 349 1290 coquentibus,
363 1254 396 1278 et
405 1271 415 1287 ‚
432 1260 474 1280 ex
486 1248 583 1280 altera
594 1256 696 1290 parte,

115 1304 266 1337 magnam
302 1294 476 1327 oculorum
516 1298 696 1327 contentio-

116 1352 194 1374 nem
210 1342 310 1374 ludus
323 1344 477 1383 requirit,
508 1350 547 1373 ut
559 1343 624 1384 pila
638 1342 696 1374 ob-

116 1395 275 1428 servetur,
290 1390 475 1430 excipiatur
493 1389 593 1428 belle,
609 1400 695 1420 com-

115 1435 213 1468 mode
225 1436 422 1474 remittatur,
437 1443 472 1467 et
484 1436 526 1466 ab
544 1435 599 1476 ea,
622 1435 698 1467 cinn

115 1493 201 1525 opus
215 1490 278 1522 est,
296 1490 460 1515 caveatur.

164 1530 197 1563 8.
218 1529 415 1562 Plenissima
440 1541 452 1560 .-
477 1531 632 1562 omnibus
657 1530 698 1562 ad

114 1578 240 1608 victum
256 1578 445 1609 necessariis
458 1577 640 1610 abundans.
649 1595 698 1602 -——

118 1623 230 1655 Caudl
240 1634 409 1666 cauponas
427 1636 439 1655 .-
454 1625 613 1657 Caudium
628 1633 697 1657 erat

113 1670 274 1715 oppidum
281 1672 500 1713 Hirpinorum
508 1695 517 1710 ‚
526 1674 693 1704 Beneven-

113 1725 149 1751 to
162 1718 286 1750 distans
294 1725 434 1761 quatuor
443 1718 618 1750 admodum
626 1720 693 1751 leu—

113 1767 174 1805 cis,
186 1764 278 1798 nunc
304 1768 396 1797 vicus
420 1766 549 1807 Arpaia
566 1777 692 1798 nuncu-

111 1820 222 1856 patus.
235 1815 311 1846 Non
321 1811 438 1856 procul
446 1821 525 1845 sunt
538 1814 693 1846 Caudinae

113 1861 238 1899 fauces,
259 1861 319 1892 ubi
340 1861 480 1893 Romani
502 1861 693 1904 subjugum

113 1909 214 1943 missi.
224 1907 389 1939 Videntur
403 1907 512 1939 autem
524 1909 589 1939 illae
605 1909 692 1941 Cau-

113 1955 200 1988 dinae
225 1965 382 1998 cauponae
410 1954 502 1986 extra
533 1955 694 1997 oppidum

113 2002 225 2040 fuine,
247 2009 280 2034 et
299 2001 384 2034 ultra
404 2002 494 2040 illas,
516 2003 592 2033 villa
616 2003 694 2034 Coc-

115 2049 328 2083 ce'iomm.-—-
342 2051 438 2081 Musa
450 2073 461 2087 ,
478 2049 604 2087 velim,
629 2061 694 2081 me·

116 2107 169 2128 mo
204 2091 251 2128 sſs:
270 2096 369 2128 facete
387 2096 427 2128 ad
440 2098 575 2128 Homeri
588 2108 695 2128 exem-

115 2143 151 2186 pl
213 2165 224 2183 ‚
249 2154 374 2183 musas,
401 2144 492 2187 quasi
529 2155 598 2175 rem
631 2155 694 2175 ma-

115 2199 211 2232 gnam
229 2190 398 2230 dicturus,
420 2193 562 2223 invocat.
578 2209 626 2216 —
649 2193 696 2223 Ee

115 2248 179 2279 quo
191 2245 290 2280 patre
310 2246 406 2270 natus
431 2247 565 2281 uterque
586 2238 695 2271 :illud

755 919 797 950 ab
816 918 916 960 epicis
938 916 1093 955 ductum,
1116 916 1174 958 qui
1197 914 1335 947 heroum

755 977 890 997 suorum
899 965 1118 1008 genealogiam
1128 973 1256 994 narrare
1267 974 1336 995 non

755 1013 1007 1045 obliviscuntur.
1028 1029 1076 1034 —
1099 1010 1276 1041 contulerit
1297 1010 1337 1041 Ii-

755 1068 802 1092 tes
819 1072 831 1091 :
855 1059 1048 1102 digladiatus
1069 1059 1111 1088 sit
1135 1068 1210 1088 cum
1228 1057 1334 1096 socio,

755 1109 858 1139 rixam
874 1114 907 1138 et
922 1117 1063 1148 pugnam
1081 1105 1202 1137 inierit.

799 1166 832 1196 9.
854 1153 931 1185 Osci
942 1165 953 1183 :
972 1160 1019 1183 est
1032 1155 1069 1184 in
1083 1158 1174 1183 recto
1185 1161 1263 1182 casu
1277 1162 1335 1182 nu-

755 1203 836 1233 meri
851 1201 997 1243 pluralis.
1016 1201 1058 1231 Et
1071 1198 1153 1231 ordo
1172 1205 1220 1229 est
1233 1207 1242 1230 z
1256 1200 1333 1230 Osci

749 1255 828 1290 sunt
840 1249 963 1279 clarum
975 1257 1079 1289 genus
1089 1247 1218 1278 Messii:
1229 1245 1330 1285 idest,

750 1296 890 1326 Messius
910 1306 952 1325 ex
973 1295 1066 1325 Oscis
1088 1292 1248 1324 oriundus
1272 1299 1330 1324 est.

749 1343 850 1373 Erant
870 1341 976 1372 autem
996 1342 1089 1379 Osci,
1111 1339 1212 1370 Italiae
1230 1350 1334 1381 popu·

749 1389 802 1420 lus
823 1391 859 1420 in
879 1389 1070 1430 Campania,
1099 1387 1334 1428 contemptissi-

751 1447 825 1467 mus
846 1436 891 1467 ob
918 1445 1100 1466 sermonem
1113 1441 1146 1465 et
1161 1444 1266 1465 mores
1283 1434 1332 1464 in-

752 1484 1004 1526 quinatissimos.
1018 1484 1039 1514 J
1042 1493 1097 1514 σν.
1108 1499 1156 1506 -—
1166 1480 1333 1512 Sarmenti

751 1530 887 1562 domina
898 1537 992 1561 exeat
1003 1541 1015 1560 :
1027 1530 1108 1560 vivit
1116 1526 1224 1560 adhuc
1233 1528 1310 1559 hera
1318 1552 1329 1567 ‚

752 1578 846 1618 cujus
874 1588 988 1608 servus
1026 1577 1090 1607 fuit
1126 1578 1328 1615 Sarmentus,

751 1635 824 1667 qnae
838 1625 936 1655 vilem
949 1625 1042 1655 istius
1059 1623 1203 1654 hominis
1219 1622 1329 1654 condi-

749 1673 892 1711 tionem,
913 1673 941 1702 si
962 1682 1093 1702 necesse
1113 1677 1213 1709 esset,
1232 1677 1327 1701 testa-

747 1726 848 1751 retur.
858 1737 906 1743 ——
917 1718 1053 1760 Accipio
1067 1729 1079 1748 .·
1095 1717 1235 1748 subaud.
1254 1728 1328 1759 pro-

746 1767 950 1798 vocau'onem
972 1773 1075 1797 tuam.
1100 1767 1233 1796 Paratus
1255 1775 1328 1796 sum

747 1825 920 1856 reponere;
966 1812 1056 1855 quod
1087 1818 1181 1854 gestu
1215 1810 1328 1854 potius

747 1859 845 1903 quam
880 1861 988 1891 verbis
1017 1860 1175 1902 expressit
1185 1881 1194 1897 ,
1229 1865 1327 1901 caput

748 1907 922 1940 movendo.
942 1909 988 1939 Ea
1011 1918 1093 1945 vox,
1121 1905 1257 1947 accipio,
1283 1905 1326 1936 ad

748 1956 795 1986 rei
816 1955 991 1996 cujuslibet
1007 1952 1252 1996 significandam
1271 1963 1325 1996 ap-

747 2002 973 2044 probationem
988 2001 1173 2032 adhibetur.

800 2061 851 2081 10.
865 2051 905 2087 0,
923 2057 979 2080 tua
995 2059 1097 2079 cor-mc
1112 2046 1256 2090 Nlfhrec
1269 2058 1324 2078 ex-

747 2105 833 2128 secto
838 2094 943 2138 frons
959 2107 970 2128 :
986 2106 1108 2133 cornu,
1124 2101 1162 2125 ut
1178 2095 1214 2125 iu
1228 2093 1324 2125 satira

747 2144 946 2186 praecedenti
978 2142 1139 2180 vidimus,
1170 2142 1323 2172 minitan-

748 2198 803 2222 tur
816 2198 848 2222 et
859 2191 982 2222 feriunt
993 2189 1141 2222 animalia
1155 2188 1303 2230 quaedam
1315 2210 1323 2224 ‚

750 2244 787 2270 ut
799 2240 900 2279 tauri,
917 2239 1022 2277 cervi,
1040 2243 1115 2276 etc„
1132 2235 1205 2267 vere
1224 2234 1325 2266 imbe-
