1422 2528
523 109 606 140 Lm.
624 109 658 139 v
684 108 773 157 om:
789 109 873 175 ἂν.

1249 107 1310 146 137

91 257 332 270 mmmm
338 257 750 270 mmmmm
754 258 876 270 mm
882 256 1188 270 mmm-§¹⁸
1193 258 1315 271 ἎὨἉᾝ

274 409 426 468 oDE
480 409 788 471 DECIMA
837 411 1146 487 QUINTA

475 569 568 612 AD
610 550 939 615 NEAERAM'.

104 718 260 752 Amicam
275 718 317 751 de
339 718 564 751 inconstantid
579 727 611 751 ee
618 717 763 765 perfidic'z'
778 719 907 751 incusat
925 720 1099 758 Horatius,
1124 721 1324 765 rivalemque

146 774 209 806 sibi
226 775 406 816 praelatum
435 783 547 807 monet
564 775 644 818 fore
667 783 703 806 uc
726 774 795 817 ipse
817 773 966 807 vicissim
989 775 1012 807 ὰ
1033 774 1156 808 Νειενᾶ
1177 777 1320 809 desertus

153 830 341 863 irrideatur.

105 969 194 1007 Nox
207 975 290 1006 erat
308 974 318 990 ¹
329 995 340 1014 ‚
357 974 395 1004 et
411 966 508 1005 coelo
522 965 694 1018 fulgebat
706 966 798 1005 luna
811 980 947 1005 sereno

320 1028 427 1066 Ιῃῖὲῐ·
444 1028 594 1066 minora
613 1027 759 1076 sidera,

108 1090 208 1128 cnm
224 1098 286 1137 tu,
304 1101 532 1140 magnorum
546 1102 690 1127 numen
705 1089 844 1127 laesura
863 1091 1055 1137 Deorum,

325 1153 372 1188 In
386 1149 508 1188 verba
522 1150 683 1201 jurabas
702 1163 807 1197 mea,

107 1210 264 1250 Aretias
290 1220 407 1262 atque
425 1218 440 1233 ²
458 1211 606 1249 hedera
625 1224 789 1262 procera
809 1210 1039 1262 astringitur
1054 1211 1129 1250 ilex
1142 1241 1151 1259 ‚
1313 1222 1326 1246 5

321 1272 453 1310 Lentis
469 1271 671 1310 adhaerens
689 1271 882 1319 brachiis',

107 1334 213 1373 Dt1m
231 1333 365 1386 pecori
383 1333 511 1384 lupus,
527 1340 565 1370 et
579 1332 707 1371 nautis
722 1332 884 1371 infestus
905 1333 1029 1372 Orion

163 1503 192 1523 1.
201 1493 281 1524 Noa:
292 1498 383 1523 erat:
395 1498 595 1523 nocturnum
613 1498 690 1522 tem·

111 1550 173 1582 pus
196 1539 346 1581 express&
369 1540 474 1580 signat
488 1545 584 1580 poeta
595 1561 604 1577 ‚
619 1537 689 1569 ihm

112 1585 190 1629 quia
204 1585 290 1617 illud
312 1586 478 1617 amoribus
500 1587 586 1616 favet
597 1609 606 1624 ‚
621 1584 689 1616 u'un

113 1632 190 1676 quia
225 1635 261 1664 in
291 1634 370 1675 ipsis
410 1633 552 1664 tenebris
580 1633 691 1664 nescio

114 1680 197 1723 quid
217 1681 360 1722 religiosi
376 1681 472 1718 inest,
486 1680 503 1711 ὲ
516 1691 582 1721 quo
595 1681 692 1720 juris-

112 1727 245 1769 jurandi
266 1727 348 1759 fides
368 1734 534 1769 augeatur,
547 1727 695 1768 perjurii-

117 1786 180 1818 que
205 1775 310 1806 scelus
326 1781 461 1805 crescat.
483 1792 530 1798 —-
550 1775 596 1805 Ee
612 1774 694 1805 coelo

108 1822 267 1867 fidgrebat
280 1823 362 1854 luna
386 1833 501 1852 sereno
525 1823 617 1852 Inter
634 1820 693 1852 mi-

116 1881 200 1902 nora
215 1870 325 1901 sidera
335 1881 349 1901 .·
363 1868 437 1900 vide
454 1868 553 1911 supra
576 1868 639 1901 Od.
656 1870 672 1899 1
684 1892 693 1907 ‚

121 1928 176 1956 xa,
197 1924 253 1957 47.
266 1919 391 1948 Lunam
414 1916 521 1947 autem
536 1923 569 1947 et
591 1916 695 1946 sidera

115 1971 315 1998 sacramento
329 1962 420 1996 veh‘lt
430 1970 526 1994 testes
541 1963 697 1994 affulsisse

117 2018 347 2044 commemorat
357 2035 366 2050 ‚
392 2010 483 2052 quod
509 2010 596 2052 apud
617 2022 696 2052 poe-

117 2066 166 2091 tas
180 2059 432 2090 usitatissimum.
448 2059 500 2090 Sic
513 2059 611 2090 Nisus
622 2060 696 2090 AEn.

104 2144 106 2146 Ι
118 2107 168 2138 lx
181 2129 190 2143 ,
204 2113 293 2148 429:
311 2106 434 2138 Coelum
447 2104 506 2135 koc
521 2113 554 2136 et
565 2105 698 2136 conscia

118 2152 227 2184 sidera
245 2161 344 2184 testor
350 2165 365 2190 ;
382 2154 427 2184 sic
450 2152 538 2193 apud
554 2154 574 2183 J
579 2163 697 2183 uvena-

118 2199 183 2232 lem
198 2200 286 2232 :Sed
297 2201 379 2232 luna
387 2199 500 2237 videt,
516 2199 577 2230 sed
590 2199 699 2230 sidera

117 2254 214 2279 testes
224 2247 405 2279 lucendum
416 2247 537 2279 oculos.
562 2265 609 2271 —
626 2248 697 2278 Lce-

744 1501 820 1521 5ura
843 1501 855 1521 .·
882 1501 922 1522 eo
957 1491 1029 1532 ipso
1059 1498 1226 1523 momento
1260 1503 1327 1534 quo

743 1537 894 1578 jurabas,
912 1536 1012 1568 fidem
1031 1537 1140 1569 fallere
1168 1546 1266 1571 certa.
1281 1557 1328 1564 ——

746 1587 788 1615 In
799 1585 904 1616 verba
909 1585 1049 1628 jurabas
1067 1595 1142 1615 mea
1153 1597 1164 1616 .-
1180 1587 1216 1616 in
1230 1587 1330 1618 verba

747 1642 821 1674 quae
856 1632 917 1662 tibi
947 1632 1126 1670 dictabam,
1160 1644 1232 1674 quae
1261 1643 1330 1666 erat

746 1679 957 1719 jurisjurandi
978 1680 1156 1710 solemnior
1169 1681 1307 1712 formula
1318 1693 1328 1720 ;

746 1726 834 1756 unde
852 1726 955 1765 major
973 1725 1050 1757 fidei
1074 1728 1120 1756 sie
1145 1727 1227 1758 datae
1246 1728 1330 1760 obli-

746 1775 844 1816 gatio.
867 1773 952 1804 Vide
984 1773 1070 1804 infra
1100 1775 1203 1815 Epist.
1225 1777 1260 1813 1,
1289 1787 1302 1806 1
1316 1799 1326 1815 ,

751 1826 794 1858 14
815 1830 822 1851 :
849 1820 981 1851 Nullius
995 1820 1145 1852 addictus
1159 1821 1271 1863 jurare
1292 1822 1326 1854 in

750 1867 855 1898 verba
869 1867 1028 1910 magistrI.

800 1925 831 1946 2.
866 1914 999 1945 Arctiics
1035 1922 1135 1956 aeque
1164 1926 1177 1946 .·
1209 1915 1328 1949 arctiils

749 1960 858 2004 quam.
874 1979 923 1986 —-
935 1962 1047 1993 Lentis
1069 1961 1240 1994 adhoc-rens
1257 1963 1329 1994 bra-

749 2008 831 2040 chiis
842 2019 854 2039 :
871 2007 953 2040 dcun
966 2015 1018 2048 tu,
1034 2008 1205 2051 perfidiam
1226 2017 1331 2042 teuer-

749 2057 840 2087 rimis
886 2055 1054 2087 blanditiis
1102 2057 1329 2095 dissimulans,

750 2115 818 2142 me,
841 2103 972 2134 lacertis
1002 2105 1067 2134 tuis
1097 2105 1226 2147 corpori
1255 2115 1328 2135 meo

750 2150 926 2182 arctissime}
946 2150 1126 2192 implicitis,
1143 2151 1329 2193 amplexum

750 2198 894 2230 tenebas.
916 2216 963 2223 —-
978 2198 1098 2229 Nautis
1128 2198 1263 2240 infestus
1288 2199 1328 2228 0-

751 2245 823 2278 rion
847 2256 859 2276 .·
887 2245 927 2276 de
967 2246 1109 2285 Orione,
1137 2244 1211 2276 vide
1232 2245 1331 2287 supra'x

1138 2299 1204 2335 12*
