1422 2528
155 97 216 129 142

537 95 578 135 Q.
603 94 788 126 HoaATn
811 95 960 128 FLAcct

263 148 443 198 Ferisque
460 152 590 187 rursus
605 150 857 201 occupabitur
874 153 1008 190 solum.
1317 173 1347 190 ιο

155 209 367 253 Barbaru5‚
386 208 462 246 heu
478 209 512 246 4!
534 210 680 247 cineres
697 211 845 250 insistet
861 213 998 260 victor,
1017 221 1055 251 et
1074 212 1211 252 urbem

261 270 387 317 Eques
403 277 560 306 sonante
579 269 800 308 verberabit
819 273 980 322 ungulfu

158 330 328 377 Quaeque
344 337 473 366 carent
488 329 610 366 ventis
624 339 661 368 et
677 330 834 377 solibus,
851 345 935 369 ossa
953 332 1107 380 Quirini

264 387 398 439 (Nefas
418 388 591 439 vidErel>
612 388 815 440 dissipabit
834 390 1015 429 insolens.

159 446 271 484 Forte
286 446 379 496 quid
394 447 582 496 expediat,
601 448 863 493 communiter,
882 458 947 486 aut
961 450 1095 488 melior
1109 463 1210 502 pars,
1319 463 1348 488 15

261 506 370 543 Malis
384 519 513 543 carere
531 507 700 556 quaeritis
720 506 916 544 laboribus
935 508 962 546 5.

159 566 272 604 Nulla
288 567 335 603 sit
349 566 420 603 haic
441 567 568 616 potior
586 567 771 604 sententia
787 566 819 614 ⁶3
839 567 1088 606 Phocaeorum

263 626 377 665 Velut
396 626 565 678 profugit
579 636 772 665 exsecrata
786 627 919 664 civitas

164 792 226 824 voti
240 791 407 835 sanguinis
421 800 500 825 aetas
510 805 522 825 .·
531 793 643 836 impia,
654 793 729 837 quia

163 850 291 870 omnem
301 839 507 871 humanitatis
520 852 658 879 sensum,
667 853 731 872 om-

165 897 238 916 nem
251 887 361 927 patriae
374 886 557 918 charitatem
567 890 732 927 exuimus;

164 932 269 962 devoti
277 932 461 974 sanguinis,
477 932 551 974 quia
561 956 569 972 ,
590 935 657 964 sive
672 945 734 964 ma-

161 978 281 1017 jorum,
293 979 357 1008 sive
367 986 482 1010 nostrae
492 981 593 1010 aetatis
602 982 732 1021 expian-

163 1023 213 1054 dis
230 1024 394 1055 furoribus
410 1026 535 1067 sanguis
554 1033 662 1056 noster
680 1027 734 1056 de-

163 1070 271 1102 betur.
278 1088 323 1093 —-
334 1070 480 1112 Ferisque
490 1072 595 1102 rur-sits
604 1083 735 1113 occupa-

165 1116 248 1146 bitur
257 1116 358 1147 solum
369 1127 379 1146 :
387 1119 499 1155 Roma,
511 1128 578 1148 non
591 1119 682 1149 aliter
697 1129 734 1149 ac

165 1162 335 1203 autequam
363 1163 492 1193 condita
518 1164 613 1194 fuerit
621 1187 629 1202 ,
661 1165 734 1194 feris

163 1208 322 1249 praebebit
331 1208 518 1250 hospitium;
526 1210 556 1239 H
558 1209 587 1240 ic
593 1209 643 1240 ubi
650 1211 735 1241 nime

165 1256 270 1284 Roma
296 1262 344 1285 est
369 1255 452 1285 orbis
464 1263 575 1296 caput,
600 1256 694 1287 arbor
703 1264 736 1288 ec

165 1298 280 1334 herbau
294 1302 324 1328 E
326 1308 339 1328 t
343 1311 457 1338 panem
459 1302 610 1338 pet-udos,
620 1309 734 1330 ceca-tu

167 1355 245 1375 rara
256 1341 342 1385 fuit.
358 1343 453 1375 ovid.
472 1345 554 1375 Fast.
571 1347 612 1382 V,
631 1346 686 1386 95.

215 1396 248 1427 4.
278 1391 373 1420 Heu!
399 1389 496 1431 plena
517 1390 648 1420 affectus
677 1402 732 1421 ex·

169 1436 326 1467 clamatio.
350 1452 398 1460 -—-
425 1435 554 1467 Cineres
582 1436 705 1467 insistet
722 1449 734 1468 .-

167 1483 258 1513 urbis
274 1484 411 1514 incensae
429 1489 461 1512 et
480 1481 608 1523 penitus
622 1483 736 1514 dirutae

168 1529 330 1559 cineribus
359 1528 536 1560 insultabit.
559 1546 605 1553 —
628 1531 737 1570 Eques

169 1581 307 1605 sonante
321 1574 506 1605 verberabit
520 1573 640 1617 ungula
655 1586 667 1605 :
681 1575 738 1606 ad·

172 1620 380 1651 mirandanda
402 1623 640 1662 onomatopoea!
663 1623 738 1653 Cre-

169 1666 225 1697 das
247 1666 349 1697 audiri
375 1677 442 1698 non
469 1667 630 1698 ordinatos
653 1669 739 1709 equi-

172 1720 241 1743 tum
254 1714 413 1744 victorum
431 1714 588 1751 incessus,
609 1714 664 1744 sed
683 1725 736 1744 su-

171 1759 308 1800 perbum
321 1759 502 1790 ferocientis
521 1766 552 1790 et
566 1761 736 1801 incompo-

171 1805 241 1835 sitae
272 1813 384 1836 turmae
416 1816 545 1846 agmen,
573 1816 658 1846 quae‚
686 1807 735 1847 ip-

172 1861 208 1881 so
234 1862 391 1892 equorum
412 1853 519 1882 sonitu
547 1852 737 1882 insolentem

172 1897 372 1938 triumphum
395 1904 540 1928 testatur.
563 1915 610 1921 —
642 1899 736 1938 Quae-

173 1953 234 1983 que
263 1950 376 1973 carent
401 1944 509 1974 ventis
536 1951 568 1974 et
598 1944 732 1980 solibus,

171 1999 244 2018 ossa
257 1988 385 2029 Quirini
400 1988 520 2031 (Nefas
528 1990 657 2020 videre!
659 1990 671 2031 )
678 1990 738 2020 dis-

171 2033 288 2075 sipabit
302 2035 442 2066 insolens
459 2048 470 2066 :
484 2043 515 2066 et
528 2043 630 2066 erutas
648 2036 665 2066 ὲ
685 2043 734 2066 tu-

781 794 957 826 iusolenter
969 793 1180 835 disturbabit3
1197 805 1275 837 quas
1283 797 1351 837 qui-

784 841 856 872 dem
893 841 988 884 nefas
1021 849 1068 872 est
1097 841 1211 873 videre
1219 853 1233 878 ;
1271 841 1351 872 adde

783 887 872 929 quod
886 888 931 918 sic
954 889 1059 918 omnis
1082 887 1270 918 restituendi
1291 890 1351 918 Im-

784 935 866 975 perii
879 934 1154 975 restaurandaeqne
1176 934 1273 965 Urbis
1281 945 1352 975 spes

784 980 956 1018 auferetur,
988 979 1063 1010 cum
1087 981 1122 1011 in
1147 980 1270 1010 ossibus
1290 983 1353 1011 Ro-

786 1026 865 1056 muli
874 1026 1000 1056 tumulo
1014 1027 1197 1067 compositis
1204 1032 1265 1056 stet
1277 1027 1351 1056 uni-

786 1082 873 1102 versa
891 1074 1043 1103 Romanae
1055 1074 1206 1113 potentiae
1219 1071 1300 1103 fides
1321 1078 1353 1102 et

787 1117 948 1158 quoddam
962 1118 1092 1148 Palladii
1104 1126 1215 1161 genus.

834 1163 854 1193 5
858 1187 866 1194 .
894 1164 986 1194 Forte
998 1164 1080 1205 quid
1093 1163 1257 1205 expediat,
1268 1173 1352 1194 com-

787 1209 932 1247 muniter,
950 1218 1008 1240 aut
1017 1209 1130 1241 melior
1141 1220 1233 1251 pars,
1254 1209 1354 1241 Malis

786 1266 894 1286 carere
922 1256 1062 1296 quas-ritis
1083 1256 1243 1287 laboribus
1272 1266 1284 1287 .·
1309 1256 1354 1287 sic

786 1303 974 1327 senteutiam
994 1297 1147 1338 tantisper
1160 1297 1353 1338 implicatam

787 1343 898 1373 evolve
908 1353 917 1381 ;
925 1342 1027 1384 forte,
1049 1343 1269 1381 communiter,
1280 1344 1313 1376 h.
1324 1356 1353 1376 e.

787 1389 948 1426 universi,
974 1396 1032 1419 aut
1049 1389 1164 1420 melior
1173 1399 1272 1430 pars,
1297 1397 1354 1422 aut

787 1435 924 1466 Romani
964 1436 1084 1466 caeteris
1129 1436 1351 1477 sapientiores,

789 1481 938 1521 quaeritis,
967 1482 1168 1523 interrogatis
1188 1491 1255 1519 me,
1275 1482 1356 1523 quid

789 1527 945 1567 expediat
957 1538 1078 1565 carere,
1097 1527 1175 1569 quid
1194 1527 1272 1558 utile
1286 1535 1352 1559 ten-

791 1573 923 1603 tandum
932 1574 991 1612 sit,
1007 1581 1044 1604 ut
1058 1574 1186 1604 careatis
1200 1573 1292 1615 (noto
1301 1573 1352 1604 ad-

790 1618 923 1649 modum
956 1618 1160 1661 hellenismo)
1188 1619 1282 1650 malis
1303 1621 1352 1651 la-

789 1664 923 1702 boribus,
943 1665 1075 1696 funestis
1089 1666 1151 1696 illis
1166 1665 1332 1697 eventibus
1343 1678 1352 1705 ς

789 1712 867 1752 qnid
882 1712 967 1741 factu
978 1722 1059 1752 opus
1075 1713 1126 1749 sit,
1141 1719 1178 1742 ut
1194 1718 1352 1743 tantorum

788 1758 945 1787 malorum
974 1757 1156 1798 reipublicae
1181 1758 1350 1789 imminen-

791 1805 869 1834 tium
883 1810 1087 1844 prospectum
1100 1804 1214 1835 vitetis.

835 1850 866 1880 6.
885 1850 985 1880 Nulla
1008 1849 1049 1879 sic
1075 1847 1136 1879 hdo
1155 1849 1265 1890 potior
1279 1860 1351 1880 sen-

789 1893 891 1925 tencia
917 1906 929 1925 :
957 1906 1060 1926 unum
1085 1901 1132 1925 est
1158 1894 1245 1936 quod
1279 1906 1350 1927 sna-

789 1939 893 1980 deam,
919 1941 1009 1982 qnod
1026 1941 1175 1971 omnibus
1192 1941 1259 1971 aliis
1281 1952 1351 1973 sen-

788 1989 894 2017 tentiis
919 1986 1175 2028 anteponendum
1190 1987 1329 2026 judicem
1340 2011 1350 2026 ,

787 2033 921 2070 scilicet,
952 2033 1011 2070 ire,
1037 2033 1134 2073 pedes
1154 2043 1351 2074 quocumque

171 2080 261 2111 mulo
271 2103 279 2119 ,
299 2081 334 2111 in
354 2092 418 2122 quo
440 2080 506 2112 tum
529 2082 610 2112 Solis
627 2092 734 2123 aspec-
777 2077 1007 2119 ferent,inf1·a,
1017 2090 1047 2110 v.
1061 2089 1114 2109 21.
1124 2080 1205 2118 Quae
1214 2089 1350 2120 sequun-

171 2127 235 2164 tui,
257 2124 325 2157 tiun
341 2134 510 2158 ventorum
536 2129 661 2166 injuriis
683 2129 733 2157 in-

168 2181 299 2205 accessae
317 2180 421 2211 erant,
437 2174 567 2206 Romuli
585 2174 732 2216 reliquias

787 2132 841 2155 tur
860 2124 961 2156 veluti
986 2123 1163 2165 parenthesi
1183 2124 1350 2155 includen-

786 2171 825 2202 da
853 2178 939 2203 sunt.
959 2188 1004 2194 —
1020 2169 1226 2202 Phocceorum
1256 2170 1352 2202 Velia
