1422 2528
558 119 639 152 m.
659 119 677 150 1
701 117 861 152 sATntA
882 117 944 149 lv.

1293 125 1359 155 ⁹19

144 180 316 228 Possem,
337 196 354 216 α
366 181 558 232 Deprensi
573 193 653 219 non
668 180 771 218 bella
789 188 847 218 est
866 179 967 216 fama
980 175 1172 225 Treboni,
1192 192 1208 211 »

143 239 298 279 Aiebat.
320 259 336 276 «
353 242 533 293 Sapiens,
552 242 678 280 vitatu
698 241 870 293 quidque
884 239 1011 291 petitu

1311 235 1360 272 i15

144 316 160 334 υ
178 300 235 340 Sit
254 302 410 351 melius,
426 316 560 342 causas
577 303 713 342 reddet
731 302 820 350 tibi;
836 301 890 340 mi
909 299 1000 339 satis
1020 307 1094 346 est,
1115 299 1148 337 si

143 377 159 395 ι
179 361 383 400 Traditum
401 362 450 401 ab
470 364 638 415 antiquis
655 377 803 402 morem
821 375 992 408 servare,
1011 370 1193 410 tuamque
1205 387 1216 406 ,

142 439 156 455 »³
178 424 282 461 Dum
298 424 468 463 custodis
485 438 591 476 eges,
611 427 731 464 vitam
755 426 974 475 famamque
993 422 1097 460 tueri

139 500 155 517 n
174 485 410 524 Incolumem
426 486 572 538 possim
588 502 597 524 :
615 487 728 526 simul
752 500 796 524 ac
813 485 1014 524 duraverit
1031 491 1138 531 aetas,

141 561 158 578 »
173 546 352 586 Membra
363 549 610 599 animumque
621 557 743 597 tuum,
758 548 868 586 nabis
881 547 963 586 sine
977 546 1134 584 cortice.
1143 562 1157 579 υ
1166 543 1229 584 sic
1237 557 1296 583 me
1309 561 1356 578 12⁰

139 606 347 646 Formabat
363 621 530 660 puerum
546 609 678 656 dictis,
695 617 733 646 et
752 609 834 646 sive
849 606 1015 659 jubebat

139 667 193 704 Ut
210 666 377 706 facerem
392 669 487 720 quid
508 683 517 706 ε
539 687 554 703 «
569 669 699 708 Habes
719 677 920 706 auctorem
936 697 946 714 ,
963 678 1042 717 quo
1063 665 1179 703 facias
1202 664 1290 702 hoc.
1311 681 1326 698 »

138 727 269 765 Unum
286 742 334 766 ex
348 729 547 780 judicibus
567 730 716 768 selectis
728 737 758 751 ²⁰
778 728 1002 780 objiciebat.

137 787 228 826 Sive
241 789 398 838 vetabat
414 805 422 828 :
444 809 460 826 (ι
475 793 536 828 An
552 791 628 828 hoc
647 790 897 829 inhonestum
916 799 954 827 et
972 788 1109 826 inutile
1129 788 1234 826 factu

138 866 153 882 »
167 850 298 888 Necne
311 851 352 889 fit
367 851 589 900 addubites,
603 853 738 903 flagret
761 865 918 890 rumore
935 850 1037 888 malo
1053 853 1142 887 etun

1293 858 1341 882 125

137 927 152 944 >³
170 912 244 951 Hic
265 923 380 965 atque
397 914 486 952 ille?
503 932 517 949 υ
537 915 684 954 Avidos
703 915 875 953 vicinum
895 915 1010 952 funus
1032 921 1072 950 ut
1093 923 1215 962 aegros
1235 918 1264 934 ²¹

131 1111 389 1154 permittebatur.
407 1129 448 1135 —-
473 1111 637 1154 Deprensi
650 1123 661 1143 .·
677 1113 713 1144 in

131 1159 285 1203 flagrante
298 1159 434 1198 delicto;
448 1159 521 1190 vide
540 1158 638 1201 supra
660 1160 713 1191 ul·

132 1207 213 1238 timo
235 1208 340 1238 satirae
355 1208 389 1238 ΙΙ
407 1217 519 1244 versu,
544 1208 715 1248 Deprendi

131 1253 283 1286 miserum
301 1261 358 1286 est.
377 1271 426 1278 —-
446 1253 585 1295 Sapiens
606 1266 618 1284 :
641 1255 711 1296 phi-

129 1301 307 1343 losophus,
326 1303 420 1341 cujus
437 1309 543 1342 partes
564 1308 643 1332 sunt
659 1303 707 1333 vi-

130 1349 174 1378 tia
197 1349 398 1390 virtutesque
417 1347 573 1386 definire,
598 1355 631 1379 et
650 1360 708 1380 ex-

128 1395 287 1436 perientia
299 1395 628 1437 meditationibusque
643 1396 707 1427 dis-

129 1443 257 1484 cipulos
273 1444 334 1474 rite
353 1443 470 1474 docere
481 1442 562 1484 quid
571 1444 707 1485 quisque

129 1489 256 1528 vitare,
290 1490 370 1531 quid
402 1497 554 1530 expetere
579 1490 705 1523 debeat.

127 1554 175 1561 -
206 1537 375 1568 Raditum
402 1537 443 1567 ab
466 1536 613 1579 antiquis
639 1548 707 1568 mo-

127 1594 195 1615 rem
220 1594 232 1614 .·
254 1595 360 1616 mores
388 1585 557 1626 antiquos,
590 1586 707 1626 utpote

125 1630 223 1674 longe
236 1633 412 1663 severiores
430 1632 707 1673 purioresque.—

127 1678 238 1709 Vitam
252 1676 457 1721 famamque
475 1679 559 1709 tueri
581 1690 593 1708 :
615 1685 704 1711 tuam

124 1725 276 1764 vivendi,
291 1726 325 1758 h.
350 1737 378 1758 e.
404 1725 519 1768 agendi
545 1727 704 1758 rationem

123 1779 155 1803 et
178 1783 326 1804 normam
353 1773 398 1804 ita
424 1783 640 1814 componere,
665 1782 703 1806 ut

122 1820 206 1851 nihil
220 1820 298 1852 inde
314 1820 396 1852 labis
409 1820 502 1851 famae
522 1827 586 1852 tuae
601 1831 703 1863 asper-

122 1874 227 1910 gatur.
236 1885 285 1893 —-—
298 1867 472 1899 Duraveric
486 1879 497 1898 .·
512 1867 700 1908 firmaverit,

121 1914 236 1946 eodem
260 1926 358 1947 sensu
383 1926 449 1957 quo
474 1912 562 1956 apud
583 1916 700 1958 virgil.

122 1962 251 1995 AEnerd.
269 1965 336 2000 lx,
359 1963 444 2000 6033
461 1964 568 1993 Natos
583 1963 632 1993 ad
627 1963 700 2006 flu-

123 2008 214 2040 mina
230 2010 375 2051 primam
392 2009 589 2052 Definimus,
606 2021 701 2042 saevo-

121 2065 184 2096 que
202 2057 281 2100 gelu
303 2057 460 2088 duramus
476 2064 510 2088 et
532 2057 638 2089 undis.
652 2075 701 2082 —-

71 2096 77 2100 ⁵
119 2101 226 2134 Nabis
240 2103 311 2135 sine
324 2103 443 2136 cortice
459 2115 472 2134 .·
486 2104 556 2135 sine
571 2104 697 2137 subere.

118 2149 308 2191 Metaphora
342 2151 513 2193 desumpta
542 2150 561 2181 a
589 2153 699 2193 pueris

118 2196 176 2236 qui
204 2197 337 2229 natandi
364 2205 466 2228 artem
498 2197 697 2237 edocentur,

118 2251 325 2287 quorumque
354 2244 460 2276 axillis
489 2251 546 2276 aut
572 2246 698 2288 pectori

765 1112 964 1154 supponitur
976 1111 1040 1142 lata
1060 1111 1077 1142 ὲ
1089 1112 1206 1142 subere
1218 1110 1326 1141 tabula
1336 1134 1345 1148 ,

765 1161 860 1198 cujus
882 1159 1004 1190 auxilio
1020 1159 1111 1197 freti,
1133 1165 1241 1189 motus
1257 1165 1346 1188 nata-

765 1208 848 1237 tioni
862 1206 1000 1238 idoneos
1018 1206 1134 1245 majori
1156 1204 1230 1237 cum
1252 1216 1346 1236 secu-

763 1255 856 1285 ritate
871 1253 1085 1285 condiscant..

805 1311 861 1333 20.
867 1303 974 1332 Unum
985 1298 1194 1342 exjudicibus
1201 1298 1326 1329 selectis
1333 1309 1346 1330 .·

763 1359 869 1379 unum
891 1349 908 1379 ὲ
925 1347 1165 1389 magistratibus
1181 1347 1256 1387 qui,
1273 1344 1345 1377 tum

763 1394 910 1426 doctrina
923 1419 932 1434 ,
966 1395 1036 1425 tum
1076 1393 1236 1435 probitate
1260 1395 1343 1424 emi-

761 1452 861 1481 nens,
888 1443 1051 1484 publicam
1075 1440 1150 1472 inde
1184 1441 1347 1471 existima-

761 1490 883 1520 tionem
897 1491 959 1521 sibi
970 1489 1209 1521 conciliaverat.
1218 1490 1344 1518 —lnu-

762 1536 819 1568 tile
828 1548 839 1567 :
847 1548 915 1568 non
922 1538 1049 1578 vulgari
1056 1543 1087 1566 et
1093 1536 1228 1577 proprio
1235 1545 1343 1574 sensu,

761 1595 891 1622 vanum,
902 1586 1042 1622 irritum,
1056 1583 1177 1624 absque
1194 1582 1342 1621 utilitate,

759 1632 834 1671 sed,
852 1631 965 1663 contra
984 1631 1052 1662 sive
1072 1638 1178 1668 tuam,
1199 1630 1267 1660 sive
1283 1640 1340 1671 pu-

758 1679 877 1710 blicam
893 1680 1066 1710 utilitatem
1074 1701 1083 1716 ,
1101 1677 1339 1719 perniciosum3

758 1733 795 1757 ut
817 1726 1036 1763 inhonestum,
1062 1724 1177 1755 contra
1191 1724 1340 1754 honesta-

758 1780 822 1804 tem
830 1798 839 1812 ,
850 1772 1205 1817 significan—Flagret
1212 1782 1340 1802 rumore

758 1822 847 1852 malo
869 1833 880 1851 :
897 1820 1000 1858 recte,
1013 1819 1187 1863 flagrare,
1212 1829 1271 1859 per
1291 1819 1337 1848 vi-

756 1868 951 1899 vidissimam
975 1866 1206 1907 metaphoram.
1235 1866 1336 1904 Nam,

755 1923 793 1946 ut
819 1916 948 1947 sceleris
975 1915 1128 1945 convicto
1150 1914 1228 1943 no'ta
1252 1913 1334 1943 infa-

754 1964 828 1995 miae
850 1963 936 1994 ferro
961 1960 1113 1993 candenti
1132 1959 1335 1998 inurebatur,

755 2010 801 2041 sic
825 2011 942 2041 vitioso
970 2009 1097 2040 homini
1122 2007 1203 2038 mala
1235 2006 1335 2044 fama,

755 2056 914 2088 carnificis
931 2063 1039 2099 partes
1061 2065 1193 2097 geram,
1210 2054 1331 2097 indelej

753 2104 852 2135 bilem
877 2104 1050 2140 maculam,
1085 2102 1177 2143 quasi
1203 2099 1331 2133 flamma

752 2151 880 2183 admota
891 2174 900 2190 ‚
915 2150 1083 2191 imprimit.

802 2208 857 2230 αι.
880 2197 1001 2228 Avidos
1027 2206 1132 2238 aegros
1155 2206 1166 2226 :
1188 2203 1289 2235 aegros
1311 2192 1330 2223 a

753 2245 828 2277 cibo
843 2246 945 2277 vetito
959 2250 1137 2285 temperare
1153 2247 1209 2272 aut
1233 2239 1330 2270 etiam
