1422 2528
163 132 228 172 276

1002 0 1008 4 .
1107 0 1340 32 ,Ἥβῃ-ἶ,

550 133 592 174 Q.
614 130 799 165 nomm
823 131 972 166 FLAcct

161 195 276 230 Plura
292 191 450 242 quidem
471 192 637 230 tollenda
654 193 922 243 relinquendis.
939 196 1039 242 Age,
1060 204 1204 242 quaes0,

159 250 218 290 Tu
239 253 335 290 nihil
353 253 391 289 in
416 265 550 302 magno
570 253 703 291 doctus
720 253 918 304 reprendis
935 255 1131 290 Homero?

160 315 224 352 Nil
239 313 356 351 comis
372 313 504 362 tragici
523 323 645 351 mutat
662 314 830 351 Lucilius
849 314 941 351 Acci
953 315 970 350 ?

161 377 248 411 Non
269 373 368 410 ridet
384 385 516 410 versus
536 372 634 410 Enni
656 373 842 423 gravitate
860 373 1043 420 minores,

160 436 257 472 Cum
274 433 321 470 de
344 445 383 470 se
402 433 585 482 loquitur,
603 447 678 471 non
695 441 738 470 ut
758 434 899 484 majore
917 432 1133 484 reprensis?
1319 441 1350 466 ⁵⁵

161 494 264 541 Quid
285 501 384 530 vetat
407 503 444 531 et
463 502 611 531 nosmet
627 493 750 531 Lucili
765 494 905 544 scripta
921 494 1085 543 legentes

160 543 342 600 Quaerere
357 555 446 590 num
465 553 581 598 illius,
598 556 690 590 num
707 550 836 590 rerum
855 553 951 589 dura
965 549 1114 601 negarit

159 613 375 650 Versiculos
393 621 529 649 natura
546 610 663 662 magis
679 613 798 650 factos
813 613 861 657 ²⁶,
885 621 922 649 et
937 620 1068 649 euntes

160 674 316 710 Molliiis
328 702 338 720 ‚
356 686 399 710 ac
419 673 448 709 si
465 672 550 722 quis
566 673 727 722 pedibus
745 673 837 723 quid
857 673 1036 710 claudere.
1047 671 1167 719 senis,

160 734 243 770 Hoc
260 735 422 779 tantum,
440 740 656 778 contentus,
677 743 776 771 amet
790 732 820 756 ²⁶
837 732 1032 783 scripsisse
1050 731 1233 769 ducentos
1314 741 1348 765 ευ

160 884 281 915 lentum
297 895 308 914 :
322 885 356 914 in
371 883 465 915 satira
480 884 590 926 quarti}
601 907 610 922 ‚
624 897 655 917 v.
675 897 689 916 1
699 896 726 918 1.

160 931 246 961 Vide
262 931 295 961 h.
309 932 331 962 l.
349 938 380 961 et
401 938 503 962 notas.
527 934 730 973 Praeoccupat

161 978 376 1016 objectionem
390 977 575 1008 detractoris
589 979 638 1008 sui
651 988 659 1008 ε
671 978 727 1008 Di-

161 1035 231 1054 cere
241 1034 335 1053 ausus
346 1034 396 1060 es,
409 1031 470 1054 etc.
479 1042 525 1048 ——-
537 1025 608 1065 Age
617 1047 626 1060 ‚
645 1036 728 1065 quoe-

161 1081 195 1100 so
207 1081 218 1100 .·
234 1077 421 1110 argumento
435 1070 481 1100 ad
495 1070 657 1100 hominem
672 1071 727 1100 ad-

159 1117 335 1147 versarium
345 1127 439 1146 suum
453 1117 578 1147 refutat.
589 1119 640 1147 Tu
650 1118 726 1158 ipse,

158 1164 285 1204 inquit,
311 1173 351 1192 an
373 1173 440 1192 nou
462 1162 591 1192 mendas
608 1163 727 1204 aliquas

158 1210 193 1239 iu
220 1211 292 1250 ipso
327 1210 468 1238 Homero
500 1209 727 1250 reprehendis?

160 1265 217 1293 an,
262 1255 382 1285 idcirce)
393 1278 401 1292 ‚
437 1262 468 1284 te
502 1257 644 1285 Homero
677 1266 728 1286 su-

158 1303 318 1343 periorem
347 1301 530 1332 arbitraris?
564 1303 728 1342 Exquisita

159 1349 233 1378 sane
259 1347 500 1389 argumentandi
523 1349 622 1378 ratio!
643 1349 727 1379 Con-

160 1401 222 1425 stat
259 1393 345 1435 apud
383 1395 523 1424 melioris
556 1401 641 1425 notae
677 1395 728 1435 ju5

160 1441 247 1472 dices
278 1451 345 1471 nou
377 1441 486 1471 omnia
521 1442 555 1470 iu
588 1442 729 1471 Homero

159 1488 248 1529 aeque
259 1486 415 1517 laudanda
425 1494 455 1516 et
463 1486 642 1517 admiranda
652 1498 728 1518 esse.

161 1534 301 1565 Consule
314 1533 462 1574 inprimis
476 1534 656 1573 Longinum
665 1556 674 1571 ‚
688 1534 729 1563 de

165 1580 316 1615 Sublimi,
344 1590 412 1620 cap.
433 1581 514 1616 VII,
538 1580 573 1608 iu
589 1578 674 1616 flue,
696 1586 728 1610 et

161 1627 327 1658 Rollinum
342 1627 376 1655 in
392 1636 487 1656 aureo
505 1625 606 1662 libro,
623 1627 676 1656 cui
693 1626 730 1656 ti-

163 1673 266 1709 tulus,
292 1671 403 1703 Traite'
425 1672 480 1702 des
507 1671 631 1709 e'tudes,
655 1679 678 1703 t.
693 1674 726 1710 I,

160 1719 201 1749 de
229 1718 363 1749 Homeri
383 1718 536 1754 lectione,
564 1718 599 1755 1,
627 1724 659 1755 4.
681 1735 729 1742 —-·

162 1766 224 1796 Nil
245 1765 344 1796 comis
372 1764 489 1807 tragici
513 1771 615 1795 mutat
637 1765 727 1794 Luci-

161 1811 221 1842 lius
249 1811 356 1842 Accff?
385 1811 526 1842 Lucilius
554 1811 607 1840 ille
635 1817 727 1849 tuus,

162 1859 307 1900 quamvis
320 1857 419 1888 comis
430 1865 462 1887 et
475 1857 623 1890 urbanus.
635 1858 728 1888 nihil-

162 1916 203 1935 ne
222 1912 339 1940 mutat,
357 1905 390 1935 h.
405 1915 432 1935 e.
449 1903 639 1934 mutandum
653 1914 727 1934 ceu-

161 1958 209 1986 set
228 1952 262 1981 in
279 1952 401 1982 Accio?
414 1951 551 1987 Accius,
566 1957 660 1991 poeta
677 1961 730 1980 ve-

161 2004 230 2035 tus,
244 1998 317 2038 post
328 1998 502 2027 Pacuvium
518 1997 645 2034 floruit3
658 1996 730 2036 plu-

163 2054 212 2074 res
239 2043 406 2085 tragoedias
417 2066 426 2080 ‚
458 2043 475 2073 ὲ
506 2042 624 2084 quibus
660 2052 730 2072 non

156 2100 263 2130 pauca
275 2096 448 2130 supersunt
463 2089 651 2131 fragmenta,
669 2095 732 2129 sty-

162 2135 196 2167 lo
219 2136 349 2178 quidem
371 2134 484 2178 grandi
512 2141 544 2165 et
571 2136 730 2172 animoso,

163 2182 219 2213 sed
238 2182 313 2213 rudi
335 2189 366 2212 et
382 2191 509 2223 aspero,
533 2187 569 2210 ut
593 2191 634 2210 ex
648 2181 733 2221 frag·

164 2230 279 2260 mentis
319 2235 426 2271 patet,
456 2227 656 2268 conscripsit.
687 2243 733 2252 --

782 887 858 917 Non
890 884 973 916 ridet
994 895 1106 916 versus
1134 883 1227 915 Enni
1242 884 1348 927 graui-

782 940 849 962 tate
870 932 1009 962 minores
1022 942 1034 962 .·
1049 942 1158 962 aunon
1175 931 1260 962 ridet
1275 942 1331 962 ver
1341 950 1355 956 -

782 989 835 1008 sus
866 979 1004 1019 aliquot,
1034 978 1091 1019 qui
1127 978 1229 1008 solitae
1265 978 1349 1008 Enni

781 1025 927 1065 gravitati
962 1025 1043 1054 male
1076 1023 1268 1064 respondere
1300 1024 1348 1054 vi-

781 1071 908 1108 deutur,
928 1078 965 1101 ut
987 1070 1215 1112 pet-ridiculum
1238 1070 1347 1100 illum:

781 1119 828 1149 Ac
842 1117 918 1147 tuba
931 1117 1064 1148 terribili
1079 1115 1184 1146 sonitu
1199 1123 1345 1146 taratan-

781 1171 854 1194 tara
872 1163 971 1199 dixit,
993 1174 1090 1204 quem
1108 1173 1234 1194 versum
1253 1162 1271 1192 ὸ
1293 1173 1347 1203 pa-

780 1208 871 1240 rodiii
885 1208 1000 1250 aliqua,
1010 1207 1116 1250 potius
1126 1208 1222 1250 quam
1233 1209 1348 1249 egraui

781 1255 950 1296 tragoedia,
972 1262 1026 1285 aut
1041 1257 1158 1285 severis
1179 1255 1348 1286 annalibus

781 1302 1007 1343 depromptum
1021 1301 1108 1331 facile
1127 1300 1292 1332 crederes?
1302 1319 1349 1326 —-

785 1348 862 1378 Cum
876 1359 886 1378 :
901 1355 930 1378 et
946 1348 1062 1378 tamen.
1073 1348 1178 1377 -De
1196 1358 1230 1377 se
1246 1348 1348 1387 quui-

782 1402 832 1425 tur
844 1406 909 1425 non
925 1402 959 1424 ut
967 1393 1088 1435 majore
1101 1393 1256 1434 reprensis
1269 1396 1347 1425 :ista

783 1448 814 1471 et
839 1441 954 1471 similia
977 1439 1258 1482 reprehendendo,
1281 1451 1348 1471 non

783 1498 815 1517 se
838 1488 989 1526 majorem
1007 1488 1045 1516 iis
1062 1487 1165 1528 poetis
1178 1496 1260 1527 quos
1277 1496 1345 1517 car-

781 1535 830 1574 pit
840 1533 980 1564 Lucilius
991 1534 1098 1572 jactat.

829 1580 883 1610 25.
909 1579 994 1610 Nam
1017 1579 1116 1616 illius,
1144 1579 1220 1609 niam
1242 1590 1345 1611 rerum

780 1625 862 1655 dura
887 1623 1014 1667 negdrit
1034 1625 1210 1656 Versiculos
1227 1633 1344 1656 natura

782 1671 886 1713 magis
903 1671 1016 1712 factos
1041 1682 1052 1702 :
1079 1682 1139 1702 cur
1164 1683 1223 1714 ego
1248 1670 1347 1714 igitur

782 1728 924 1759 quaerere
937 1718 1124 1759 prohiberer
1144 1718 1207 1759 qua
1225 1719 1346 1749 ratione

781 1765 943 1801 evenerit,
959 1771 995 1794 ut
1007 1764 1088 1805 saepe
1106 1763 1221 1805 saepius
1238 1765 1273 1795 in
1286 1766 1346 1796 Lu-

779 1811 854 1841 cilio
862 1820 971 1840 versus
984 1809 1087 1852 magis
1089 1809 1187 1851 facti,
1198 1811 1230 1842 h.
1243 1821 1271 1842 e.
1282 1821 1344 1841 ma-

783 1857 829 1898 gis
848 1857 1000 1887 elaborati
1023 1864 1055 1887 et
1073 1856 1199 1887 mollius
1221 1865 1342 1894 euntes,

780 1910 811 1933 et
834 1901 939 1932 minus
961 1904 1082 1944 asperi,
1104 1901 1231 1934 dulcius
1247 1902 1347 1933 fluen—

784 1956 847 1986 tes,
876 1948 1118 1979 desiderentur?
1143 1950 1198 1980 An
1221 1948 1284 1979 hoo
1299 1950 1345 1979 vi·

782 1996 863 2025 tium
877 1995 943 2025 sive
954 1996 1053 2036 ipsius
1067 1995 1189 2025 duriori
1204 2002 1327 2027 naturae
1337 2018 1345 2034 ‚

781 2041 846 2072 sive
863 2052 968 2071 rerum
981 2051 1059 2082 quas
1074 2041 1219 2071 tractavit
1230 2042 1346 2072 sterili-

782 2088 839 2118 tati
854 2095 885 2118 et
902 2089 1035 2118 siccitati
1049 2087 1272 2128 imputandum
1286 2089 1346 2118 sit?

832 2134 887 2164 26.
909 2135 960 2164 Ac
981 2133 1010 2163 si
1029 2133 1098 2174 quis
1115 2133 1251 2174 pedibus
1271 2133 1350 2175 quid

784 2179 933 2210 claudere
940 2178 1035 2216 senis,
1049 2180 1118 2210 Hoc
1130 2181 1266 2217 tantiam,
1277 2190 1351 2210 con-

785 2233 887 2258 tentus
893 2249 905 2265 ,
921 2232 1008 2258 amet
1017 2237 1030 2256 .·
1039 2225 1100 2257 loci
1111 2225 1332 2258 difficultatem
