1422 2528
270 30 272 32 ’
297 25 316 55 2

540 108 630 140 1113.
645 108 661 138 1
681 106 843 141 SATIRA
859 110 918 141 IV.

120 170 285 217 Fertur,
306 165 365 207 uti
379 167 508 220 pulvis
522 168 705 207 collectus
722 168 898 217 turbine,
913 183 962 207 ne
978 169 1074 221 quid

1278 109 1344 140 213

128 230 287 269 Summa
305 229 515 282 deperdat,
532 239 721 277 metuens,
743 233 810 268 aut
831 230 989 282 ampliet
1006 239 1047 268 ut
1066 243 1171 277 rem;

129 293 275 330 Omnes
288 290 331 330 hi
350 289 366 314 ⁸
386 299 564 330 metuunt
582 305 716 330 versus
728 321 738 338 ‚
757 292 876 330 odere
897 301 1045 343 poetas.
1059 314 1112 321 —

130 355 290 392 Foenum
306 353 425 392 habet
445 353 486 392 in
505 366 626 392 cornu
639 383 649 401 ,
666 353 779 404 longe
799 353 1139 404 fuge-sdummodo
1156 347 1278 393 risuni

130 416 312 454 Excutiat
326 415 422 463 sibi,
443 429 522 454 non
542 415 608 453 hic
625 415 807 466 cuiquam
833 425 966 467 parcet
986 417 1132 465 amico,
1315 424 1346 450 ³⁵

130 477 201 522 Et,
221 477 494 528 quodcumque
513 476 630 514 semel
649 476 795 514 chartis
814 477 978 514 illeverit
992 504 1003 524 ‚
1023 490 1155 516 omues

132 538 280 577 Gestiet
299 541 321 576 a
341 538 455 576 furno
475 538 684 576 redeuntes
701 537 799 576 scire
822 539 1007 588 lacuque,

130 602 180 638 Et
194 612 336 652 pueros
359 607 398 638 et
413 611 522 639 anus.
536 622 589 628 -
604 598 799 651 Agedum,
820 613 944 651 pauca
963 601 1096 651 accipe
1113 603 1263 639 contra.

130 662 301 701 Primum
321 675 392 713 ego
408 674 470 699 me
486 662 641 700 illorum
654 692 664 709 ,
682 662 855 700 dederim
875 661 1017 712 quibus
1031 675 1113 700 esse
1133 671 1267 713 poetas
1285 670 1319 709 ⁹,

72 728 79 734 *
103 766 110 769 ,
131 725 346 775 Excerpam
363 736 538 762 numero,
554 726 690 774 Neque
710 721 813 762 enim
833 723 1071 761 concludere
1088 737 1243 762 versum
1312 734 1346 762 4·

130 783 285 822 Dixeris
303 797 385 823 esse
402 780 664 836 satisjneque
675 813 686 834 ‚
706 785 738 823 si
753 785 839 836 quis
854 784 1017 834 scribat,
1035 782 1093 822 uti
1110 796 1199 834 nos,

129 953 188 984 alia
202 953 299 984 maris
311 953 470 995 pericula,
489 960 527 984 ut
541 954 710 995 scopulos,

129 1001 266 1043 piratas,
288 1007 350 1032 etc.
377 1018 425 1025 —
449 999 500 1031 Uti
515 1001 621 1042 pulvis
644 1001 710 1032 col—

94 1055 98 1058 *
128 1047 229 1079 lectus
243 1047 367 1079 turbine
382 1059 394 1078 :
415 1048 485 1078 haec
509 1050 710 1089 comparatio

87 1119 91 1122 -
128 1093 148 1126 ὲ
180 1105 260 1126 voce
291 1096 512 1137 praecedenti,
542 1106 706 1136 praeceps,

127 1141 301 1183 repetenda
332 1149 390 1174 est.
422 1142 545 1173 Eodem
585 1143 710 1184 impetu

125 1187 238 1220 eadem
270 1190 453 1220 mobilitate
483 1197 646 1220 mercator
675 1191 708 1219 in

128 1237 216 1268 varia
233 1237 309 1267 artis
325 1246 391 1267 suae
406 1236 592 1267 discrimina
609 1246 642 1266 se
655 1235 710 1267 dat

121 1283 342 1327 praecipitem‚
377 1282 440 1326 quai
469 1283 578 1324 pulvis
610 1290 708 1315 vento

127 1331 410 1373 vehementissimo
457 1332 636 1369 excitatus,
673 1331 710 1362 iu

127 1388 222 1411 auras
235 1377 446 1410 diffunditur.

175 1425 208 1459 8.
224 1426 346 1456 Omnes
361 1423 398 1455 1ιί
411 1435 424 1455 .·
436 1423 637 1465 quicumque
654 1431 710 1455 aut

127 1470 270 1504 avaritia
281 1495 292 1510 ,
327 1478 382 1503 aut
420 1470 617 1508 ambitione,
653 1478 710 1502 aut

128 1518 192 1551 alio
215 1520 336 1562 insigni
358 1518 439 1550 vitio
462 1518 631 1556 laborant,
662 1518 710 1550 illi

129 1576 259 1604 omnes,
286 1567 391 1598 satirae
414 1565 533 1596 ictibus
552 1563 708 1604 ob'noxii,

122 1621 243 1654 poetas
268 1614 418 1645 oderunt.
431 1631 479 1650 -,-
500 1614 634 1643 Foenum
650 1613 710 1643 Iza-

130 1659 184 1692 bet
199 1660 234 1692 ιἰι
249 1671 347 1692 cornu
363 1672 375 1691 .·
386 1661 485 1692 homo
500 1667 547 1690 est
558 1660 710 1691 vitandus

129 1715 164 1739 et
181 1709 381 1750 perniciosus
402 1707 540 1739 :similis
564 1715 612 1739 est
631 1708 711 1739 bovi

130 1763 328 1797 cornupetae.
354 1757 388 1788 si
411 1756 504 1794 cujus
531 1766 634 1796 equus
653 1762 710 1786 aut

129 1801 213 1841 bos,
235 1802 389 1834 damnum
407 1809 462 1832 aut
477 1802 598 1832 malum
624 1803 711 1833 fecis-

130 1856 196 1888 set,
206 1850 345 1889 ‚domino
363 1850 484 1880 mulcta
502 1849 629 1890 legibus
644 1857 711 1880 erat

128 1896 271 1935 indicta;
297 1897 413 1939 qnare,
434 1904 470 1927 ut
493 1896 533 1927 ab
552 1896 711 1936 ejusmodi

122 1944 323 1976 ¹animalibus
346 1945 408 1975 sibi
430 1951 582 1974 caverent
609 1943 712 1975 homi-

130 2001 203 2030 nes,
242 1991 390 2023 solebant
430 1991 558 2022 domini
588 1991 711 2032 aliquid

128 2038 213 2080 sigui
229 2038 323 2078 ἀει-ιη
340 2049 372 2071 v.
387 2050 418 2081 g.
438 2038 594 2069 cornibus
615 2038 710 2070 bovis

129 2095 233 2116 cornu
253 2093 363 2128 petere
385 2086 492 2123 soliti,
505 2085 630 2116 foenum
649 2086 709 2117 illi-

126 2131 260 2173 gabant,
277 2140 339 2165 etc.
356 2135 454 2165 Hune
467 2132 577 2162 locum
593 2133 673 2163 mire
689 2133 707 2164 a

124 2178 234 2211 Bolaeo
246 2191 435 2222 expressum
446 2178 519 2210 vide
529 2181 563 2210 in
573 2186 632 2211 sat.
644 2182 704 2219 1x3

129 2225 373 2266 Gardez-vous,
386 2227 459 2259 dira
475 2227 545 2258 l’un
554 2249 566 2266 ,
591 2227 632 2258 de
654 2234 707 2258 cet

766 953 864 994 esprt'e
883 953 1036 995 critique,
1064 961 1127 985 etc.
1147 971 1194 977 --
1222 952 1349 984 Chattis

765 1000 911 1039 illeveric,
924 1003 980 1042 qui
990 1001 1139 1031 scribunt
1147 1024 1156 1039 ‚
1168 1002 1347 1031 atramento

764 1048 908 1079 chartam
939 1055 1134 1090 aspergunt,
1167 1054 1204 1078 ut
1240 1049 1348 1089 pictor

765 1096 908 1126 tabulam
923 1096 1108 1134 coloribus3
1125 1105 1197 1137 quae
1215 1095 1348 1136 propria

765 1142 820 1173 vis
828 1150 873 1173 est
889 1144 978 1173 vocis
991 1142 1189 1174 illinere.—
1206 1140 1348 1182 Asurno

764 1189 934 1221 redeuntes
949 1191 1030 1221 scire
1045 1190 1183 1228 lacuque
1196 1201 1207 1220 .·
1221 1188 1239 1220 ὲ
1250 1188 1348 1220 Μηδὲ

763 1235 826 1265 sibi
851 1234 968 1275 obvie&
989 1235 1142 1276 frequens
1173 1245 1240 1266 esse
1267 1235 1349 1266 solet

763 1293 952 1320 servorum,
995 1282 1207 1320 ancillarum,
1240 1282 1350 1323 plebe-

764 1329 845 1360 culae
869 1330 910 1360 ad
934 1331 1069 1360 furnum
1095 1330 1154 1360 ubi
1179 1330 1272 1372 panis
1296 1341 1349 1362 co·

763 1378 888 1418 quitur,
921 1377 962 1408 ad
987 1378 1096 1408 lacum
1125 1378 1193 1409 sive
1223 1377 1348 1408 fontem

763 1424 852 1455 unde
876 1435 958 1466 aqua
983 1425 1022 1456 ad
1049 1425 1244 1457 domesticos
1270 1435 1350 1457 usus

762 1471 924 1510 hauritur,
947 1483 1137 1504 concursus.
1156 1471 1159 1472 ⁷

813 1530 846 1560 9.
864 1519 1018 1550 Dederim
1044 1519 1157 1561 quibus
1184 1530 1250 1550 esse
1268 1529 1348 1560 poe·

765 1574 816 1598 tas
836 1577 848 1597 :
867 1578 935 1597 sese
959 1569 1130 1598 satirarum
1157 1568 1347 1608 scriptorem

765 1613 783 1644 a
801 1622 972 1656 poetarum
990 1625 1128 1645 numero
1150 1614 1345 1653 eximendo,

765 1672 800 1692 ea
825 1673 916 1692 mens
946 1670 993 1693 est
1023 1664 1181 1700 Horatio,
1210 1668 1247 1692 ut
1276 1672 1346 1693 non

765 1719 856 1739 vanae
878 1708 982 1740 laudis
1002 1710 1140 1751 poeticae
1160 1715 1347 1748 assectator,

765 1756 820 1787 sed
836 1758 934 1787 unius
954 1758 1084 1787 virtutis
1102 1756 1190 1787 ultor
1214 1763 1246 1786 et
1270 1757 1346 1798 rigi-

764 1803 825 1834 dus
843 1804 967 1839 satelles
991 1804 1147 1835 videatur.
1165 1821 1212 1826 —
1230 1804 1347 1844 Neque

765 1850 852 1882 enim
872 1851 1064 1881 concludere
1088 1861 1220 1881 versum
1244 1850 1347 1881 Dixe-

766 1898 808 1927 ris
825 1909 892 1929 esse
917 1897 995 1929 satis
1012 1910 1023 1928 .·
1036 1909 1105 1929 non
1122 1905 1208 1928 certa
1225 1897 1345 1939 pedum

767 1944 935 1986 dispositio
951 1953 1078 1987 poetam
1092 1945 1180 1976 facit.
1195 1947 1267 1976 Hoc
1283 1945 1347 1976 sibi

765 1992 889 2023 dictum
934 2001 1061 2023 teneant
1095 1993 1260 2024 innumeri
1297 1992 1346 2023 illi

746 2040 962 2082 ’syllabarum
988 2051 1171 2078 mensores,
1197 2040 1255 2081 qui
1278 2038 1344 2069 una

762 2088 890 2128 quinque
915 2094 1006 2118 aetate
1041 2098 1176 2128 poeseos
1207 2087 1345 2128 palmam

761 2134 834 2165 ideo
846 2135 909 2165 sibi
924 2134 1092 2166 vindicant
1101 2158 1110 2173 ‚
1129 2135 1219 2175 quod
1231 2133 1341 2175 rhyth-

760 2192 848 2212 mum
862 2205 870 2220 ‚
887 2182 1007 2223 pedum
1021 2192 1192 2220 numeros,
1207 2188 1239 2211 et
1255 2178 1343 2221 apud

759 2239 819 2260 nos
849 2229 989 2261 duarum
1014 2240 1132 2261 vocum
1159 2237 1341 2260 consonan-
