1422 2528
55 0 93 40 A.

523 118 604 150 ΗΒ.
627 103 660 151 v
684 119 774 151 onE
796 119 874 151 xv.

1247 118 1310 159 139

95 173 148 233 At
164 179 206 211 tu
217 202 228 222 ,
247 173 484 226 quicumque
505 189 546 215 es
563 176 714 215 felicior
730 177 758 224 ⁵,
779 185 896 228 atque
909 188 997 215 meo
1012 178 1116 214 nunc

312 236 515 287 Superbus
533 238 680 277 incedis
694 238 795 276 malo
807 267 818 285 ‚

97 295 158 334 Sis
175 308 318 348 pecore
333 306 372 336 et
391 299 511 336 multa
525 299 633 338 dives
649 299 788 337 tellure
807 298 940 338 licebit
953 328 964 347 ‚

310 357 478 410 'sibique
495 360 672 397 Pactolus
688 359 804 407 fluat,

1279 375 1312 391 20

96 418 133 456 N
135 429 179 455 ec
192 426 230 456 te
243 417 474 470 Pythagorae
491 420 623 459 fallant
644 433 785 459 arcana
798 419 943 467 renati,

310 478 528 532 Furmaque
544 482 679 520 vincas
701 483 833 528 Nirea,

99 537 225 577 Eheu!
242 541 446 579 translatos
460 541 537 580 alib
554 542 735 580 moerebis
757 555 927 589 amores3

308 605 380 641 Ast
388 606 465 654 'ego
478 601 648 642 vicissim
665 605 800 643 risero.

94 751 162 782 rius
172 750 452 793 pulchrituninem
465 754 676 796 praeferendo.

99 799 184 830 Sunt
198 798 340 840 deniqne
355 800 454 831 verba
471 803 605 833 amantis
620 803 679 844 qui

98 848 246 878 revocari
257 848 368 888 cupit;
383 848 470 879 idem
486 856 534 879 est
543 859 579 880 ac
591 851 619 880 si
633 850 680 880 di-

100 899 209 925 ceret:
224 896 276 926 Tu
290 894 371 925 mihi
382 918 391 933 ‚
406 897 532 934 Neaera,
546 907 679 938 gravem

98 941 252 980 injuriam
288 943 544 985 acerrimumque
582 944 679 976 simul

99 987 247 1019 dolorem
276 989 434 1028 attulisti;
460 991 680 1032 pulcherrima

99 1034 209 1066 tamen
234 1042 270 1067 tu
290 1036 371 1067 mihi
392 1037 519 1079 semper
546 1039 678 1071 videris.

98 1082 132 1113 Si
155 1082 193 1113 in
213 1081 352 1125 perfidi&
379 1083 435 1115 tua
459 1093 601 1126 perstas,
619 1097 679 1128 ego

97 1139 140 1160 ex
168 1128 240 1160 mea
270 1137 381 1172 parte,
409 1131 448 1162 ad
484 1133 563 1163 alios
590 1135 679 1175 ignes

97 1176 304 1220 confugiam,
314 1177 433 1210 frustra
447 1178 508 1210 hac
522 1191 592 1211 mea
603 1179 679 1223 fuga

96 1222 252 1256 offensam
269 1232 299 1256 te
313 1224 421 1265 dices,
439 1238 544 1269 neque
566 1228 679 1259 formae

96 1276 162 1302 tuae
199 1271 379 1312 illecebris,
408 1284 469 1304 nec
509 1275 679 1330 questibus

98 1318 165 1348 tuis
179 1318 221 1349 ad
238 1319 274 1350 id
292 1319 443 1360 adducar,
463 1328 501 1352 ut
524 1323 590 1353 tuis
610 1324 680 1353 vin-

101 1364 306 1398 calisi-ursus
320 1378 372 1398 me
389 1367 575 1410 impediam.

150 1412 182 1445 5.
207 1416 255 1445 Ae
272 1421 325 1452 tu,
359 1414 553 1457 quicumque
573 1428 607 1447 es
623 1416 680 1458 se·-

101 1458 196 1492 licior-
206 1471 219 1491 :
233 1469 355 1492 sortem
372 1473 470 1504 quam
485 1464 554 1504 ipse
569 1475 682 1506 exper-

103 1513 156 1538 tus
178 1515 244 1547 est,
263 1509 357 1540 rivali
377 1510 620 1550 interminatur,
639 1512 680 1542 de

102 1564 193 1587 more
220 1558 413 1596 amantium,
431 1565 470 1588 ut
492 1558 609 1600 passim
633 1560 680 1589 vi-

102 1600 179 1633 dere
200 1609 248 1633 est
266 1604 353 1646 apud
371 1605 551 1643 Catullum,
571 1606 683 1637 Tibul-

102 1648 188 1690 lum,
205 1651 412 1694 Ptopertium
448 1660 484 1684 et
515 1652 680 1686 Ovidium.

732 773 781 779 —-
794 754 927 797 Tibique
949 755 1102 786 Pactolus
1106 755 1201 800 fluat
1212 767 1224 786 .·
1251 757 1312 798 Ly-

733 802 795 833 diae
810 801 947 841 fluvius,
962 804 1069 834 aureis
1091 804 1198 834 arenis
1209 826 1217 842 ,
1233 813 1312 844 quas

731 850 858 880 vexisse
874 850 1005 889 dicitur,
1018 858 1055 881 ut
1071 852 1178 893 Tagus
1200 857 1232 881 et
1245 850 1318 891 plu-

733 908 768 928 ra
790 897 850 928 alia
871 897 1027 936 flumina,
1052 899 1250 930 notissimus.
1269 913 1317 923 ·-—-

733 945 805 975 Nec
828 951 860 975 te
884 944 1083 987 Pythagorae
1098 945 1233 988 fallant
1262 955 1315 974 ar-

734 1002 821 1022 cana
853 991 961 1022 renati
996 1003 1008 1022 :
1056 992 1096 1023 de
1132 991 1317 1035 Pythagora

733 1038 808 1070 vide
843 1038 942 1081 supra
973 1039 1037 1071 Od.
1070 1041 1114 1078 Ι,
1158 1039 1222 1077 28,
1252 1048 1316 1078 ιο,

733 1094 765 1117 et
786 1093 909 1118 notam.
925 1084 1169 1128 -Formiique
1195 1085 1316 1117 vincas

732 1133 837 1165 Nirea
859 1145 870 1164 .·
888 1133 929 1164 de
953 1134 1074 1172 Nil-eo,
1107 1133 1182 1165 vide
1217 1131 1315 1174 supra

733 1180 797 1212 Od.
822 1182 892 1219 111,
910 1192 967 1220 20,
989 1182 1043 1220 15,
1070 1188 1103 1212 et
1121 1187 1243 1212 notam.
1257 1181 1315 1211 Di-

731 1229 844 1266 vitias,
889 1228 1089 1267 doctrinam,
1134 1228 1316 1270 pluchritu-

732 1275 842 1306 dinem
868 1276 903 1306 in
935 1275 1037 1306 rivale
1066 1286 1128 1307 suo
1158 1274 1317 1317 supponit

731 1323 904 1362 Horatius,
922 1333 996 1364 quae
1019 1323 1130 1354 omnia
1157 1332 1318 1352 summam

733 1369 899 1400 bonorum
938 1376 1014 1411 post
1050 1370 1205 1400 virtutem
1240 1379 1319 1399 con-

734 1418 896 1454 stituunt3
919 1417 1004 1447 nihil
1031 1416 1139 1447 tamen
1160 1415 1319 1458 impediet

734 1462 912 1505 quominus
937 1463 1047 1494 rivalis
1071 1463 1126 1494 ille
1152 1462 1171 1493 ὲ
1191 1460 1317 1504 perfidu

734 1510 845 1543 Neaera
875 1510 1043 1553 prodatur.
1070 1527 1115 1534 -
1135 1508 1283 1540 Vicissim
1300 1520 1312 1539 .·

735 1569 803 1590 non
822 1559 1006 1596 immerito,
1027 1556 1102 1589 cnm
1121 1557 1176 1588 ille
1189 1557 1316 1588 Horatii

738 1607 827 1638 malo
852 1606 1004 1647 superbus
1025 1604 1200 1637 incesserit.
1217 1604 1314 1646 Supr.

737 1665 769 1685 v.
791 1654 830 1684 18
847 1661 879 1685 et
899 1664 952 1695 19.
