1422 2528
191 137 257 168 206

571 139 612 177 Q.
637 135 820 167 nonam
843 135 994 169 FLAcct

189 193 390 244 Unguibus
410 202 446 231 et
465 195 620 245 pugnis,
638 194 726 231 dein
743 195 921 243 fustibus,
942 187 1059 246 atque
1070 195 1123 233 ita
1141 208 1259 246 porro

188 254 410 304 Pugnabant
427 255 540 291 armis
551 283 561 301 ‚
577 267 660 304 quae
674 253 759 304 post
779 255 1032 292 fabricaverat
1047 267 1154 302 usus;
1198 294 1219 308 ·

187 315 319 351 Donec
335 313 474 360 verba5
488 313 628 364 quibus
648 326 761 350 voces
778 327 984 364 sensusque
1002 322 1198 362 notarent,

186 377 221 412 N
225 374 426 423 Ominaque
442 374 635 411 invenere.
655 371 803 410 Dehinc
818 374 998 412 absistere
1015 373 1117 411 bello
1128 402 1138 420 ,

189 434 344 485 Oppida
359 442 554 483 coeperunt
570 433 738 479 munire,
756 441 792 470 et
815 447 956 484 ponere
971 435 1089 484 leges,
1328 443 1374 468 ωε»

188 497 246 531 Ne
266 493 350 542 quis
370 493 432 529 fur
450 502 547 530 esset
564 492 608 538 ¹5,
628 506 703 530 neu
722 493 840 539 latro,
859 506 933 530 neu
953 493 1037 543 quis
1056 493 1214 530 adult-er.

186 555 284 591 Nam
303 553 374 589 fuit
392 553 478 589 ante
498 552 680 589 Helenam
701 565 846 589 cunnus
866 553 1059 590 teterrima
1078 551 1167 589 belli

187 615 327 658 Causa3
346 611 411 648 sed
428 612 566 661 ignotis
585 611 783 661 perierunt
799 611 985 648 mortibus
1001 611 1074 658 illi,

189 675 295 719 Quos
313 674 502 708 Venerem
517 671 699 707 incertam
717 671 924 720 rapientes,
944 683 1050 707 more
1070 670 1253 717 ferarum,

186 730 344 767 Viribus
360 729 500 766 editior
519 729 709 776 caedebat,
731 738 774 766 ut
794 730 832 766 in
851 742 962 779 grege
982 738 1125 766 taurus.
1329 746 1375 762 ,ιο

186 794 279 829 Jura
298 791 453 826 inventa
471 798 576 826 metu
595 790 726 839 injusti
746 790 887 827 fateare
905 802 1056 827 necesse
1076 798 1149 835 est,

185 853 377 900 Tempora
391 851 421 886 si
441 849 632 898 fastosque
650 849 742 886 velis
759 849 935 886 evolvere
954 849 1103 895 mundi;

183 910 265 946 Nec
280 916 416 945 natura
435 916 560 959 potest
579 908 683 958 justo
701 920 898 944 secernere
916 907 1109 956 iniquum,

184 969 333 1007 Dividit
353 977 394 1005 ut
408 968 510 1005 bona
524 968 703 1014 diversis,
720 968 897 1017 fugienda
919 967 1112 1018 petendis;

183 1031 264 1068 Nec
282 1029 409 1066 vincet
423 1029 522 1065 ratio
536 1028 610 1065 hoc
627 1029 669 1074 ¹⁶,
682 1028 916 1065 tantumdem
931 1036 974 1071 ut
988 1035 1118 1083 peccet
1133 1026 1308 1083 idemque
1328 1036 1373 1060 υἱ»

187 1091 264 1138 Qui
278 1098 435 1126 teneros
455 1089 580 1126 caules
601 1089 713 1125 alieni
730 1087 885 1137 fregerit
907 1087 1026 1134 horti,

184 1153 232 1189 Et
246 1150 314 1201 qui
329 1158 539 1187 nocturnus
559 1161 668 1186 sacra
682 1149 823 1185 Divum
840 1147 985 1197 legerit.
1005 1146 1114 1184 Adsit

183 1325 233 1356 titi
243 1347 251 1363 ‚
263 1321 403 1355 absentia
412 1323 516 1354 tamen
523 1322 682 1353 idiomatis
691 1333 754 1353 rec-

183 1372 214 1402 te
234 1371 418 1411 compositi,
437 1381 532 1400 sonos
551 1370 670 1410 aliquot
698 1370 753 1399 vix

184 1417 383 1454 articulatos,
409 1426 514 1456 neque
537 1415 610 1445 ideo
640 1426 751 1446 verum

182 1473 361 1494 sermonem
380 1462 465 1492 inter
483 1472 515 1492 se
537 1462 629 1492 edere
650 1472 752 1491 nove-

183 1516 264 1540 rant.
283 1526 329 1533 —
349 1510 427 1548 Quae
444 1508 521 1538 mox
527 1506 754 1550 fabricaverat

181 1566 252 1586 usus
277 1568 285 1586 .-
316 1565 388 1596 quae
415 1554 563 1584 fabricari
587 1554 752 1594 experien-

182 1604 225 1633 tia
244 1601 407 1632 docuerat.

231 1648 283 1678 15.
299 1649 421 1677 Ponere
434 1647 530 1688 leges,
549 1647 600 1676 Ne
612 1644 680 1686 quis
685 1642 752 1686 fur

180 1700 287 1725 esset:
303 1692 392 1730 nam,
416 1693 489 1723 ante
518 1692 600 1733 leges
623 1692 749 1721 institu-

178 1748 225 1771 tas
235 1763 244 1779 ‚
256 1739 338 1770 nihil
348 1739 464 1779 cuique
479 1739 647 1779 proprium
663 1744 747 1774 erat,

179 1797 239 1817 nec
258 1786 377 1821 solum,
401 1795 460 1815 nec
477 1784 580 1825 fruges
587 1807 598 1822 ,
630 1794 689 1814 nec
708 1783 749 1813 fe·

180 1834 286 1863 minae.
295 1849 341 1855 —-
354 1831 483 1861 Cunnus
496 1841 507 1860 .·
519 1831 658 1860 obscena
667 1839 747 1866 vox,

177 1879 235 1909 sed
249 1878 287 1908 ad
301 1888 366 1909 rem
379 1875 632 1912 accommodata3
651 1877 745 1916 quip-

176 1925 238 1965 pe,
267 1924 381 1954 mulier
414 1922 492 1952 tunc
522 1922 673 1963 temporis
707 1921 746 1951 ad

177 1978 282 2000 actum
317 1979 487 2000 venereum
523 1967 742 2009 appetebatur,

177 2027 243 2057 quo
260 2016 426 2053 absoluto,
446 2014 572 2044 mulieri
592 2013 745 2045 valedice-

176 2062 267 2092 bant.
280 2079 324 2084 —
345 2063 500 2090 Venerem
519 2059 676 2090 incertam
691 2070 744 2089 ra-

172 2109 300 2150 pientes
327 2118 338 2137 :
365 2106 538 2147 exquisite,
569 2105 744 2142 incertam,

179 2154 345 2184 mulierem
363 2163 431 2183 non
448 2151 527 2182 certi
546 2153 672 2190 mariti,
692 2151 748 2182 sed

181 2200 331 2231 omnibus
361 2199 555 2243 expositam,
586 2205 617 2229 et
652 2198 748 2241 primi

806 1323 1004 1364 occupantis;
1017 1322 1140 1363 poetice
1151 1320 1318 1362 rapientes,
1329 1331 1369 1353 ne

805 1370 921 1400 mulier
945 1369 1078 1399 forituto
1094 1368 1235 1407 objecta,
1251 1367 1290 1398 ab
1307 1367 1368 1397 alio

806 1417 1050 1456 superveniente
1079 1420 1298 1454 occuparetur.
1324 1430 1371 1436 —-

806 1461 930 1491 Viribus
955 1460 1070 1491 editior
1089 1471 1099 1490 .·
1125 1460 1297 1501 potentior.
1322 1477 1367 1482 —

804 1509 873 1538 Nec
887 1514 1004 1537 natura
1011 1513 1118 1548 potest
1136 1517 1147 1536 :
1172 1512 1284 1536 natura
1302 1505 1367 1538 sola

805 1560 835 1583 et
859 1564 916 1594 per
943 1564 976 1583 se
1003 1563 1070 1583 non
1094 1558 1218 1593 potest,
1251 1551 1367 1592 absque

801 1599 907 1640 legum
940 1597 1029 1640 prius
1066 1598 1201 1628 latarum
1235 1597 1368 1627 admini-

802 1645 894 1683 culo,
920 1644 1038 1687 justum
1064 1644 1105 1674 ab
1128 1645 1241 1685 iniquo
1269 1654 1369 1674 secer-

802 1702 896 1727 nere,
917 1688 1185 1731 quemadmodum
1217 1689 1282 1719 sola
1312 1699 1368 1730 per

802 1748 834 1767 se
849 1737 964 1767 dividit
981 1743 1014 1767 et
1032 1737 1200 1777 distinguit
1219 1746 1273 1774 ea,
1296 1745 1368 1776 quae

802 1783 929 1813 mimali
960 1784 1075 1823 cuique
1103 1782 1187 1812 bona
1216 1788 1248 1811 et
1276 1781 1365 1811 utilia

802 1835 878 1859 sunt
887 1851 898 1866 ,
920 1828 959 1858 ab
978 1829 1016 1858 iis
1039 1838 1110 1869 quae
1130 1834 1206 1858 sunt
1225 1827 1364 1863 diversa,

799 1874 832 1906 h.
846 1886 874 1906 e.
889 1875 970 1905 mala
983 1881 1014 1905 et
1027 1875 1134 1905 noxia.

850 1921 902 1951 16.
930 1922 1000 1951 Nec
1029 1920 1141 1950 vincet
1164 1918 1247 1948 ratio
1271 1917 1330 1948 hoc
1355 1930 1367 1949 :

798 1977 856 1997 nec
878 1967 1034 1997 rationem
1053 1966 1167 1996 ducem
1185 1964 1346 2005 sequendo
1357 1988 1366 2002 ‚

797 2012 832 2043 id
847 2012 988 2053 unquam
1002 2011 1162 2043 obtinebis
1174 2017 1211 2040 ut
1220 2033 1229 2048 ,
1243 2017 1302 2042 etc.
1319 2028 1365 2034 —-

799 2060 980 2089 Nocturnus
995 2056 1107 2088 Divzlm
1121 2067 1214 2087 sacra
1229 2056 1343 2099 legerit
1353 2068 1364 2087 .·

798 2115 856 2146 per
888 2111 1015 2135 noctem
1047 2103 1167 2134 furatus
1196 2104 1238 2133 sit
1264 2113 1364 2133 sacras

799 2153 942 2182 Deorum
960 2151 1130 2192 imagines,
1144 2159 1216 2179 vasa
1226 2171 1235 2187 ‚
1251 2150 1365 2179 instru-

801 2203 906 2234 menta
918 2194 1162 2233 sacrificiorum,
1180 2195 1247 2227 haec
1261 2195 1365 2234 omnia
