1404 2522
1008 0 1014 3 ·
1045 0 1145 18 ’ΠΨ
1160 0 1269 26 ww·
1348 0 1352 2 ’

655 92 732 142 xiv

101 191 286 238 spernat,
304 183 384 223 nisi
401 183 474 239 qui
490 183 678 225 satiricos
691 184 897 240 -sapientis
913 183 991 226 viri
1007 184 1130 236 sales,
1150 193 1192 224 et
1211 196 1283 223 so-

105 246 230 287 lidam
246 248 522 305 antiquorumv
534 248 848 306 philosophiam
865 248 964 290 odio
979 250 1142 290 habeat.
1163 246 1284 295 Certe

103 311 277 353 Flaccus
299 329 386 354 non
412 311 550 354 solum
566 313 696 370 digito
713 316 1056 371 praetereuntium
1078 322 1287 367 monstra-

105 376 229 417 batur
249 378 447 418 Romanae
463 377 615 420 fidicen
630 378 742 434 lyrae,
760 378 834 420 sed
849 380 914 421 vel
931 381 1156 420 Sermones
1176 378 1264 430 ejus
1275 406 1286 428 ,

105 441 246 481 multis
267 441 381 483 nunc
397 445 482 484 tam
500 444 617 499 parvi
634 444 823 486 aestimati
842 444 969 500 (dum
991 459 1079 485 non
1103 442 1290 499 cogitant

108 507 151 546 in
171 506 221 547 iis
246 508 354 550 vires
380 523 477 549 eum
500 523 594 549 suas
614 510 809 550 consulto
829 509 1107 566 extenuasse),
1124 509 1177 549 ab
1193 509 1286 549 Au·

105 582 248 628 gusto,
281 589 407 630 quem
428 576 523 626 jure
554 575 664 616 inter
699 576 912 635 principes·
935 574 1225 616 doctissimum
1247 583 1290 613 et
1327 596 1331 599 ·

106 639 216 680 inter
235 639 384 681 doctos
407 641 639 698 principem
665 640 795 694 dicas,
820 642 879 682 sic
901 641 1069 698 probati
1092 641 1289 691 fuerunt,

106 715 155 744 ut
175 716 216 746 et
242 705 321 762 ipsi
339 707 603 759 irasceretur,
619 722 707 748 non
735 706 852 763 quod
872 708 916 748 in
942 707 1152 764 plerisque
1179 707 1290 759 ejus-

106 769 223 812 modi
254 772 419 828 scriptis
449 787 593 813 secum
619 771 883 828 potissimum
911 772 1170 831 loqueretur,
1201 782 1291 812 tan-

108 848 277 894 tamque
299 837 351 878 de
379 838 428 878 iis
449 838 626 878 haberet
652 838 914 894 opinionem,
942 849 991 879 ut
1014 848 1139 895 roget
1164 851 1289 878 num·

107 901 211 957 quid
226 913 432 955 vereatur,
453 916 506 942 ne
520 902 635 959 apud
649 913 840 958 posteros
857 902 1011 943 infame
1025 913 1152 954 esset,
1170 899 1290 958 quod

107 967 298 1009 videatur
316 969 395 1009 sibi
407 967 536 1008 fuisse
551 968 772 1009 familiaris.

166 1033 207 1075 N
210 1047 257 1074 ec
273 1034 431 1074 rustico
449 1033 631 1089 quodam
648 1032 813 1090 pudore
826 1043 851 1086 ¹,
868 1033 1048 1076 stultove
1062 1037 1085 1075 a
1097 1032 1292 1090 Principe

110 1099 272 1154 optimo
295 1098 472 1156 frigore,
498 1109 571 1139 aut
595 1098 790 1155 neglectu
822 1099 959 1139 cultus
995 1110 1036 1139 et
1065 1099 1294 1142 observan-

110 1165 175 1204 tiae
205 1165 314 1218 ejus,
339 1179 466 1220 quem
486 1179 610 1204 nemo
632 1179 719 1204 non
739 1164 903 1206 colebat
923 1166 1070 1216 jamet
1092 1165 1291 1206 observa-

109 1230 198 1283 bat,
217 1233 301 1271 tam
319 1232 442 1287 parce
462 1230 515 1271 ad
542 1245 639 1271 eum
667 1241 708 1271 et
733 1229 785 1271 de
806 1245 856 1271 eo
876 1232 1063 1288 scripsit3
1083 1230 1157 1272 sed
1173 1229 1292 1270 intel-

108 1295 261 1352 ligebat
291 1295 422 1336 homo
461 1295 766 1352 sagacissimus,
806 1295 952 1338 melius
990 1298 1116 1353 quam
1156 1295 1289 1336 nostri

110 1359 237 1400 seculi
251 1360 463 1412 homines,
488 1362 615 1416 quam
634 1359 804 1401 difficile
826 1361 977 1402 siteum
989 1361 1098 1402 bene
1117 1358 1287 1401 laudare

109 1441 235 1483 quem
264 1442 409 1468 omnes
441 1427 596 1483 passim
620 1442 707 1467 uno
737 1441 810 1469 ore
831 1427 1070 1484 praedicant.
1104 1427 1291 1469 Noverat

108 1494 371 1549 Augustum,
402 1491 506 1532 illud
534 1492 771 1549 ingenium,
794 1493 874 1534 Cui
903 1491 1013 1534 mccl&
1041 1494 1078 1534 si
1095 1494 1289 1550 palpem,

108 1557 346 1597 recalcitrat
370 1558 550 1615 undique
575 1566 695 1598 tutus.
722 1559 869 1614 Itaque
896 1574 1023 1600 unam
1049 1559 1212 1601 tantum
1237 1560 1291 1602 ad

110 1637 207 1663 eum
233 1623 450 1678 epistolam
480 1623 613 1676 dedit,
637 1634 676 1664 et
697 1622 784 1664 aliis
811 1624 855 1663 in
883 1623 1008 1677 locis,
1031 1627 1150 1680 quasi
1176 1625 1290 1666 aliud

108 1702 254 1745 agens,
281 1699 439 1730 tantam
459 1689 517 1730 illi
542 1688 711 1730 laudem
737 1689 902 1743 tribuit,
929 1700 976 1731 ut
994 1690 1098 1730 nihil
1115 1690 1288 1747 praecla-

107 1755 194 1795 rius
213 1755 520 1812 sublimiusque
537 1754 616 1795 dici
633 1755 777 1811 possit.

166 1820 360 1861 Sanctior
381 1823 480 1861 vero
510 1821 729 1861 Musarum
747 1819 941 1862 sacerdos
961 1821 1041 1863 fuit
1057 1840 1070 1855 ²
1082 1853 1095 1874 ‚
1124 1833 1166 1863 et
1195 1823 1291 1864 ami·

107 1899 181 1925 cus
209 1885 412 1926 sincerior
451 1896 493 1926 et
530 1885 827 1941 incorruptior,
850 1889 976 1942 quam
1004 1895 1053 1927 ut
1079 1880 1288 1930 Maecena-

108 1961 192 1991 tem
208 1965 332 1992 suum
344 1981 354 2001 ‚
373 1953 615 2006 quanquam
635 1949 801 1991 mollem
816 1950 1123 2007 delicatumque
1135 1951 1288 2006 virum,

110 2016 187 2056 sub
215 2015 414 2058 Malthini
443 2016 615 2058 nomine
649 2016 954 2072 perstrinxerit3
981 2027 1043 2069 et,
1065 2018 1163 2073 post
1193 2034 1289 2060 eum

157 2180 164 2194 ¹
181 2178 266 2207 Suet.
284 2175 315 2207 d.
332 2175 408 2207 L-
428 2184 436 2197 Ξ
454 2175 526 2207 vid.
546 2175 604 2208 lib.
619 2177 651 2206 Π
664 2176 754 2216 epist.
777 2187 804 2215 1,
825 2183 855 2207 et
870 2178 917 2207 111
931 2177 982 2208 od.
1000 2178 1030 2210 5.
