1404 2522
149 150 188 171 10

531 139 572 178 Q.
595 134 778 167 nomm
801 135 950 167 FLAcm

249 195 403 234 Tiburis
421 195 541 244 ripas,
563 206 726 245 operosa
743 205 884 243 parvus

434 254 608 292 Carmina
627 255 739 303 fingn.

251 314 433 353 Concines
450 314 610 364 majore,
626 315 740 363 poeta
760 321 791 358 9,
806 313 952 362 plectro

252 378 451 421 Caesarem,
471 371 699 424 quandoque
715 373 839 410 trahet
855 372 999 409 feroces

250 437 322 472 Per
340 446 488 471 sacrum
507 433 644 469 clivum
656 461 666 478 ‚
688 432 822 469 merita
839 431 998 467 decorus
1300 432 1329 456 3⁵

458 492 631 538 Fronde,
652 491 867 529 Sicambros
875 504 885 536 ;

252 556 339 600 Quo
354 551 449 589 nihil
466 552 585 602 majus
605 551 786 587 meliusve
808 557 835 572 ¹0
853 549 963 586 terris

250 615 341 651 Fata
359 611 567 658 donavere,
584 610 751 660 bonique
767 609 863 656 divi,

251 675 331 711 Nec
351 672 508 717 dabunt,
525 667 696 720 quamvis
715 669 870 707 redeant
882 668 922 705 in
937 678 1071 704 aurum

457 734 647 780 Tempora
666 729 843 780 priscum.
1297 734 1331 761 40

254 792 436 830 Concines
452 791 634 840 laetosque
654 789 754 836 dies,
775 798 811 826 et
830 787 947 825 Urbis

251 851 449 889 Publicum
460 850 593 888 ludum
604 878 613 895 ,
634 850 748 898 super
767 849 967 897 impetrato

252 911 376 950 Fortis
392 910 553 959 Augusti
573 908 715 954 reditu,
737 908 937 956 forumque

456 968 605 1006 Litibus
619 967 755 1005 orbum
776 974 816 1004 ¹¹.

248 1032 346 1069 Tum
360 1042 452 1067 meae
473 1028 526 1079 (si
546 1028 638 1079 quid
654 1029 791 1078 loquor
811 1024 1039 1069 audiendum
1052 1023 1098 1073 ¹²)
1297 1029 1330 1059 »2⁵

145 1256 203 1287 Ille
230 1253 374 1286 facillime
403 1253 439 1283 in
462 1251 608 1282 altissima
631 1249 711 1291 rapi-

146 1308 210 1333 tur.
243 1303 329 1343 Ego,
349 1299 442 1330 humi
470 1298 534 1328 fere
562 1303 709 1337 reptans,

144 1347 311 1390 thymeum
336 1345 464 1382 florem,
484 1345 541 1374 vix
554 1343 622 1373 solo
636 1342 710 1372 emi-

146 1400 292 1431 nentem,
313 1402 381 1422 non
403 1390 471 1421 sine
487 1388 598 1431 magna
615 1387 710 1429 opera

146 1439 266 1470 delibo.
297 1455 344 1461 --
390 1440 510 1468 Parvus
539 1446 551 1465 .-
589 1435 709 1471 tenuis,

146 1485 258 1527 grandi
289 1484 418 1525 ingenio
453 1482 631 1512 destitutus.
665 1497 712 1503 -—-

94 1540 98 1544 ·
146 1532 250 1573 Finge
265 1541 277 1561 .·
293 1529 538 1560 delectissimum
559 1527 710 1564 verbum,

146 1584 179 1608 et
194 1577 235 1608 ad
252 1575 468 1617 metaphoram
485 1584 526 1603 ex
540 1573 649 1613 apium
666 1572 711 1602 la·

146 1624 282 1655 boribus
309 1621 530 1662 depromptam
554 1618 713 1659 aptissime

149 1667 431 1700 accommodatum.
441 1665 617 1697 Excudunc
625 1675 715 1694 ceras

149 1723 181 1746 et
198 1716 296 1746 mella
313 1713 442 1745 tenacia
453 1712 605 1756 fingunt,
621 1712 712 1752 Virg.

149 1762 267 1804 Georg.
287 1762 343 1799 IV,
360 1761 413 1799 57.

196 1819 229 1848 9.
245 1810 348 1838 Poeta
362 1817 373 1836 :
390 1812 444 1842 tu,
459 1804 533 1844 qui,
551 1803 626 1833 licet
652 1804 713 1833 Im—

149 1854 314 1896 peratoriae
340 1851 465 1882 familiae
492 1847 595 1879 affinis
606 1871 614 1886 ,
639 1848 714 1878 licet

149 1900 287 1942 publicis
302 1898 396 1929 rebus
414 1896 577 1932 addictus,
593 1895 714 1936 poesim

149 1947 255 1977 colere
287 1955 355 1975 non
391 1942 579 1983 dedignaris.
619 1941 714 1972 Julus

147 1993 233 2023 enim
254 1991 415 2022 Antonius
439 1998 564 2019 carmen
589 1988 715 2028 epicum

147 2039 330 2079 scripserat,
346 2037 380 2066 in
395 2037 460 2066 XII
477 2034 576 2064 libros
587 2055 595 2070 ,
611 2034 715 2064 AEnei-

147 2084 206 2116 dos
217 2082 329 2119 instar,
345 2082 481 2112 divisum
493 2102 501 2118 ,
515 2081 567 2109 cui
581 2079 692 2108 titulus
705 2088 714 2109 :

151 2128 343 2161 Diomedefs.
364 2145 411 2152 —-·
429 2130 493 2158 Per
513 2135 637 2155 sacrum
656 2123 712 2154 cli-

148 2188 217 2207 vum
234 2187 246 2207 .·
263 2186 320 2218 per
341 2176 424 2205 viam
447 2182 564 2203 sacram
587 2181 657 2211 quae
673 2169 712 2200 ad

146 2229 287 2255 montem
307 2221 363 2253 ubi
378 2220 479 2251 stabat
497 2215 689 2259 Capitolium
701 2239 710 2255 ,

764 1246 992 1289 triumphantes
1022 1243 1170 1275 ducebat.
1202 1258 1249 1265 -
1279 1240 1328 1271 Si-

764 1295 928 1331 cambros:
943 1292 1015 1324 vide
1034 1292 1278 1334 Argumentum,
1293 1288 1328 1317 in

763 1342 867 1372 initio.

814 1410 866 1430 10.
881 1400 949 1439 Quo
964 1395 1045 1427 nihil
1054 1393 1156 1436 majus
1163 1390 1308 1423 meliusve
1317 1401 1330 1420 .-

762 1446 807 1476 sic
825 1444 907 1475 infra
918 1467 926 1482 ‚
942 1445 1042 1484 Epist.
1058 1443 1108 1477 11,
1134 1450 1148 1470 1
1160 1462 1170 1478 ‚
1194 1448 1232 1477 17
1250 1447 1259 1469 :
1273 1436 1334 1467 Nil

764 1492 913 1522 oriturum
940 1489 1038 1525 alic'zs,
1066 1487 1115 1518 nil
1137 1492 1239 1517 ortum
1262 1482 1329 1518 tale

753 1538 913 1581 fatentes.
924 1554 970 1560 —-
984 1531 1134 1576 Quamvis
1149 1530 1282 1562 redeant
1296 1527 1330 1559 in

764 1594 876 1614 aarum
902 1585 1058 1623 Tempora
1078 1578 1219 1621 priscum
1236 1587 1247 1606 .·
1270 1574 1330 1606 ele-

765 1631 852 1672 ganti
872 1628 1063 1670 periphrasi,
1088 1636 1165 1668 pro,
1188 1621 1330 1664 quamvis

766 1687 859 1707 aurea
878 1682 950 1705 aetas
964 1674 1078 1704 redeat.

817 1753 831 1772 1
841 1753 869 1773 1.
886 1743 1063 1781 Forumque
1078 1737 1195 1769 Litibus
1205 1737 1312 1767 orbum
1322 1747 1333 1766 .-

766 1789 801 1818 in
818 1788 897 1818 laetis
913 1785 1166 1818 solemnitatibus
1189 1783 1275 1813 haud
1290 1793 1335 1812 se-

767 1833 821 1864 cus
849 1845 884 1864 ac
909 1835 943 1864 in
968 1833 1063 1863 rebus
1090 1828 1221 1871 trepidis
1237 1828 1333 1870 justi-

766 1880 842 1911 tium
863 1879 881 1910 a
904 1877 1140 1921 magistratibus
1159 1874 1332 1923 'indiceba-

766 1933 830 1963 tur‚
852 1933 883 1955 et
894 1937 951 1966 per
974 1931 1098 1965 tempus
1122 1922 1333 1963 praestitutum

769 1972 931 2002 cessabant
974 1979 1137 2001 causarum
1182 1967 1333 1998 actiones.

769 2018 857 2049 Idem
868 2018 949 2057 juris
967 2016 1050 2059 apud
1068 2025 1128 2045 nos
1144 2013 1252 2044 locum
1274 2012 1332 2042 ob-

769 2065 858 2095 tinet.

820 2133 870 2152 12.
902 2120 938 2151 Si
963 2118 1043 2161 quid
1065 2118 1180 2159 loquar
1201 2117 1334 2147 audien-

766 2169 840 2199 dum
859 2179 870 2197 .-
889 2174 925 2197 ut
939 2166 1006 2196 haec
1024 2165 1121 2196 verba
1139 2174 1211 2194 cum
1227 2173 1335 2204 prece·

765 2214 914 2245 dentibus
928 2217 1114 2255 congruant,
1131 2210 1186 2250 sic,
1203 2210 1330 2251 opinor,
