1404 2522
523 120 606 152 ΗΒ.
628 119 676 151 IV
699 119 790 150 01)ss
812 119 858 150 11.
1283 124 1298 152 7

190 181 327 218 Monte
345 179 556 218 decurrens
576 179 683 217 velut
700 177 824 217 amnis
843 186 876 225 ²,
898 174 1044 215 imbres
1290 182 1304 206 ⁵

193 242 320 288 Quem
337 253 454 292 super
466 249 578 279 notas
594 239 726 278 aluere
743 239 849 290 ripas
860 266 871 285 ‚

194 304 352 351 Fervet,
368 302 655 352 immensusque
668 300 748 339 ruit
765 298 962 352 profundo

356 414 358 416 v
405 362 593 401 Pindarus
610 374 700 409 ore3

86 546 315 589 Olympiorum
330 548 510 580 victoribus
522 548 589 580 fere
598 559 666 580 om-

88 594 142 624 nia
174 602 359 626 consecrata
389 603 476 627 sunt.
501 614 548 619 —
566 597 667 628 Iule:

87 641 186 673 Jnlus
227 642 409 680 Antonius,
444 644 492 674 M.
525 645 667 675 Antonii

88 688 252 720 triumviri
268 689 286 720 ὲ
304 689 418 721 Fulvia
444 688 532 721 filius
543 713 552 728 ,
574 693 668 722 Octa-

89 735 150 766 viae
165 737 309 778 Augusti
332 737 453 768 sororis
468 736 570 768 filiam
583 748 667 769 uxo-

87 793 157 813 rem
169 782 275 815 duxit.
290 786 502 815 Paternomm
516 785 669 816 odiorum

87 830 188 872 magis
210 829 308 872 quam
338 833 547 874 praesentium
571 832 669 864 bene-

92 875 246 909 ficiorum
257 889 392 917 memor,
407 881 442 909 in
454 887 579 921 partem
595 891 671 911 con-

88 925 261 964 iurationis
287 926 401 957 contra
418 931 606 969 Augustum
623 929 671 958 in-

90 974 145 1004 itae
167 968 275 1017 veniis,
299 981 332 1004 et
354 975 459 1015 capite
484 974 669 1014 damnatus,

91 1019 290 1062 supplicium
341 1020 524 1052 voluntaria
568 1030 671 1055 morte

92 1068 450 1108 praevertiL—-Ceratis
453 1069 573 1110 pennis
583 1081 596 1100 .·
609 1081 674 1102 rec-

93 1114 125 1145 te
147 1115 285 1153 ceratis,
299 1126 368 1146 non
383 1116 500 1154 cereis,
524 1124 561 1148 ut
580 1119 675 1149 intel-

91 1161 208 1193 lexisse
226 1162 381 1194 videntur
402 1164 555 1195 nonnulli
573 1166 675 1196 inter-

93 1216 200 1251 pretes
209 1233 218 1248 ‚
231 1210 318 1241 inter
330 1221 412 1252 quos
425 1211 500 1244 clar.
515 1213 576 1243 vir.
590 1215 674 1246 Ren.

94 1257 190 1291 Binet
201 1258 483 1290 annumerandum
499 1270 566 1290 esse
579 1262 675 1292 mira-

96 1314 180 1337 mur.
196 1305 297 1347 Quod
318 1305 449 1347 quidem
465 1306 535 1339 tum
553 1318 595 1338 ex
608 1308 676 1350 ipsa

68 1375 81 1394 J
96 1353 221 1386 ratione
231 1375 240 1391 ‚
258 1351 330 1384 tiun
346 1353 363 1384 ὲ
380 1355 611 1386 communibus
625 1367 678 1387 ve-

100 1397 206 1432 terum
227 1407 400 1442 poetarum
423 1404 615 1434 testimoniis
636 1403 677 1434 li-

98 1453 190 1489 quet.
204 1447 294 1480 Audi
315 1448 472 1480 Ovidium
483 1473 492 1489 ‚
509 1452 582 1481 Art.
601 1451 677 1482 Am.

99 1494 151 1534 11,
174 1495 233 1533 45,
248 1496 333 1526 Icari
353 1495 480 1527 volatus
505 1496 679 1528 artificium

102 1542 335 1575 accuratissima
366 1543 532 1586 diligentia
560 1544 679 1576 deseri-

101 1588 252 1623 bentem:
267 1590 449 1633 Remigium
461 1593 611 1623 volucres
617 1592 679 1623 dis-

97 1636 200 1678 ponit
209 1637 243 1668 in
260 1637 375 1668 ordine
389 1649 531 1679 pennas,
543 1642 591 1672 Ec
611 1641 678 1671 leve

95 1695 162 1726 per
186 1683 250 1716 lini
274 1684 413 1717 vincula
448 1686 549 1719 nectit
577 1699 674 1729 opus,

102 1733 242 1775 Imaque
265 1743 348 1774 pars
377 1733 458 1765 ceris
489 1734 684 1778 astringitur

101 1778 177 1822 igne
195 1779 322 1818 solueis,·
345 1787 376 1811 et
398 1782 498 1822 paulo
518 1781 679 1815 iuferius:

105 1827 284 1859 Tractabat
307 1836 482 1870 ceramque
503 1841 588 1870 puer
601 1841 681 1871 pen-

102 1885 227 1917 nasque
249 1875 422 1913 renidem5
443 1883 494 1913 et,
523 1883 560 1907 nt
580 1888 680 1908 omne

103 1921 242 1954 dubium
264 1923 407 1960 tollatur,
421 1925 530 1954 veniat
550 1925 587 1955 in
613 1936 680 1955 me-

102 1971 238 2002 moriam
264 1970 358 2001 locus
381 1981 520 2011 sequens
546 1973 678 2004 Metam.

102 2018 197 2056 vm,
217 2027 293 2058 1973
307 2017 347 2048 de
360 2020 451 2049 Icaro
466 2020 588 2061 agitur:
606 2021 678 2050 Mo-

103 2063 147 2095 ἀὸ
171 2075 254 2106 quas
291 2076 387 2108 ‘vaga
421 2073 566 2097 moverat
595 2077 680 2097 aura

107 2111 286 2144 Tractabat
299 2113 450 2154 plumas,
464 2113 594 2157 flavam
615 2125 681 2144 mo-

103 2157 147 2188 di>
171 2159 289 2201 pollice
316 2171 424 2192 ceram
455 2160 618 2194 Mollibae.
635 2179 681 2186 --

106 2205 176 2247 Ope
193 2206 358 2239 Doedaled
371 2220 382 2239 :
405 2208 490 2239 idem
511 2209 680 2240 incurrens

99 2255 283 2294 periculum
304 2256 395 2296 quod
418 2255 543 2288 Daedali
567 2256 679 2288 indus-

719 549 780 579 tria
792 545 862 578 filio
879 556 940 578 suo
965 547 1059 576 Icaro
1075 543 1305 586 imprudenter

720 601 898 638 paraverat.
916 593 1018 626 Porro
1031 591 1183 624 Daedalus
1194 593 1228 623 in
1239 602 1308 623 car·

721 653 825 673 cerem
841 641 957 672 insulae
979 641 1100 679 Cretae,
1121 641 1180 682 qui
1199 640 1306 682 Laby-

721 689 850 720 rinthus
870 687 1113 733 appellabatur&
1124 688 1310 727 conjectus,

722 748 765 768 ex
779 747 820 767 eo
831 735 974 766 evolavit
987 736 1103 777 aptatis
1117 735 1181 766 sibi
1194 743 1227 766 et
1235 735 1306 767 filio

722 794 782 815 suo
807 785 900 814 Icaro
920 783 977 814 alis
999 781 1071 814 cera
1097 783 1252 824 alligatis,
1269 790 1308 814 ut

723 842 822 873 supra
845 830 999 862 diximus.
1014 832 1060 862 At
1075 832 1186 861 Icarus
1199 854 1207 869 ‚
1232 829 1308 862 cum

725 878 765 910 ad
789 878 890 909 solem
920 876 1058 919 propius
1083 877 1227 909 volando
1257 888 1310 909 ac-

725 926 886 964 cessisset,
911 925 1025 956 solutis
1046 925 1154 956 calore
1178 926 1260 957 ceris
1277 933 1310 958 et

725 974 860 1016 pennis,
885 972 1006 1004 decidit
1034 973 1069 1003 in
1097 973 1190 1014 AEgei
1211 975 1310 1004 maris

725 1028 849 1063 partem
861 1043 870 1059 ,
883 1031 956 1061 quae
973 1020 1014 1051 ab
1030 1031 1068 1051 eo
1082 1019 1168 1050 dicta
1190 1020 1311 1052 deinde

727 1074 775 1099 est
792 1068 933 1098 Icarium
952 1078 1050 1099 mare.
1062 1085 1110 1091 -—
1134 1067 1282 1100 Nomina
1297 1080 1309 1100 .·

729 1126 790 1158 pro
815 1125 955 1153 nomen,
975 1115 1099 1158 plurale
1113 1125 1175 1158 pro
1191 1116 1310 1160 singul.

729 1162 868 1205 poetice.

778 1221 810 1242 2.
822 1211 938 1240 Monte
947 1209 1121 1240 decurrens
1128 1211 1227 1242 velut
1238 1223 1309 1243 am-

732 1257 782 1288 nis
792 1269 804 1287 .·
820 1257 926 1296 illico,
939 1256 1041 1287 veluti
1055 1257 1229 1290 Pindarico
1251 1271 1315 1292 θεε-

730 1312 782 1336 tro
795 1306 975 1336 concitatus
985 1327 994 1342 ,
1009 1303 1170 1337 acl-laudes
1180 1307 1314 1340 Pindari

730 1363 789 1394 per
803 1352 974 1394 abruptam
989 1353 1170 1385 orationem
1185 1357 1311 1395 transit,

729 1400 866 1440 illasque
893 1411 932 1431 eo
956 1400 1087 1431 dicendi
1114 1402 1256 1443 impetu,
1277 1402 1313 1434 ef·

730 1448 909 1489 imaginum
935 1449 970 1479 vi
1002 1454 1035 1478 et
1057 1448 1206 1480 ubertate
1231 1450 1314 1482 cele-

731 1495 824 1532 brat,
844 1494 965 1536 qnibus
986 1496 1055 1536 ipse
1077 1503 1165 1527 vates
1187 1498 1313 1528 Theba-

732 1553 794 1573 nus
814 1543 851 1572 in
863 1543 1134 1583 praestantissimis
1150 1544 1311 1576 victorum

731 1590 964 1632 Olympiorum
991 1591 1163 1632 praeconiis
1193 1594 1312 1625 utitur.

730 1636 874 1669 Phrasim
891 1637 998 1668 autem
1008 1640 1168 1679 poeticam
1180 1641 1225 1670 sic
1237 1651 1315 1672 con·

732 1692 822 1716 strue
838 1694 846 1716 :
863 1683 1028 1715 Pindarus
1031 1685 1140 1728 servet
1150 1709 1161 1723 ,
1179 1686 1315 1719 immen-

732 1742 848 1773 susque
860 1742 914 1762 ore
925 1731 1091 1774 proficndo
1112 1734 1193 1771 ruit,
1219 1736 1314 1768 velut

733 1779 843 1810 amnis
862 1787 973 1810 monte
989 1780 1181 1818 decurrens,
1199 1793 1310 1823 quem,

733 1834 796 1858 etc.
814 1837 860 1850 ⁸—-
874 1828 986 1858 Fervet
1008 1838 1020 1857 :
1046 1828 1173 1860 fervore
1200 1829 1259 1860 illo
1284 1838 1316 1862 et

733 1882 815 1906 aestu
834 1875 1022 1916 corripitur,
1042 1886 1110 1917 quo
1126 1884 1231 1918 poetae
1248 1880 1314 1921 agi-

733 1923 794 1952 tari
814 1921 937 1959 solent3
967 1922 1030 1953 hoc
1056 1922 1180 1954 dictum
1209 1927 1314 1957 conti-

733 1969 873 2000 nuandae
891 1970 1089 2011 metaphorae
1109 1971 1227 2013 gratif13
1247 1981 1315 2004 am·

732 2018 783 2048 nis
808 2017 894 2048 enim
916 2017 1124 2049 vehementer
1147 2019 1313 2058 incitatum

733 2065 865 2106 proprie
882 2063 1012 2107 fervere
1033 2065 1086 2096 vel
1102 2074 1242 2098 oestuare
1269 2067 1314 2098 di-

734 2113 832 2144 citur.
860 2112 986 2153 Rapido
1005 2112 1189 2154 ferventius
1222 2115 1315 2145 amni

733 2159 904 2202 Ingenium
916 2159 1038 2199 ‚infr-a,
1050 2163 1114 2193 Sat.
1132 2162 1164 2199 1,
1189 2173 1239 2201 10,
1255 2163 1312 2194 62.

734 2209 1036 2248 -Immensusque
1062 2207 1126 2240 ruit
1145 2209 1328 2251 profimdo·

734 2255 898 2286 Pindarus
925 2266 1002 2286 ore:
1027 2267 1069 2287 ex
1091 2266 1147 2287 ore
1171 2256 1315 2296 Pindari,
