<?xml version="1.0" encoding="UTF-8"?>
<!DOCTYPE html PUBLIC "-//W3C//DTD XHTML 1.0 Transitional//EN"
    "http://www.w3.org/TR/xhtml1/DTD/xhtml1-transitional.dtd">
<html xmlns="http://www.w3.org/1999/xhtml" xml:lang="en" lang="en">
 <head>
  <title>
</title>
<meta http-equiv="Content-Type" content="text/html;charset=utf-8" />
  <meta name='ocr-system' content='tesseract 3.04.00' />
  <meta name='ocr-capabilities' content='ocr_page ocr_carea ocr_par ocr_line ocrx_word'/>
</head>
<body>
  <div class='ocr_page' id='page_1' title='image "./quintushoratiusf02horauoft_0167.png"; bbox 0 0 1422 2528; ppageno 0'>
   <div class='ocr_carea' id='block_1_1' title="bbox 220 108 1329 754">
    <p class='ocr_par' dir='ltr' id='par_1_1' title="bbox 562 108 1326 141">
     <span class='ocr_line' id='line_1_1' title="bbox 562 108 1326 141; baseline 0.001 -2"><span class='ocrx_word' id='word_1_1' title='bbox 562 108 643 141; x_wconf 81' lang='lat' dir='ltr'><strong>LIB.</strong></span> <span class='ocrx_word' id='word_1_2' title='bbox 665 109 696 138; x_wconf 86' lang='lat' dir='ltr'><strong>V</strong></span> <span class='ocrx_word' id='word_1_3' title='bbox 725 108 813 140; x_wconf 90' lang='lat' dir='ltr'>ODE</span> <span class='ocrx_word' id='word_1_4' title='bbox 836 110 880 140; x_wconf 81' lang='lat' dir='ltr'>V.</span> <span class='ocrx_word' id='word_1_5' title='bbox 1312 109 1326 117; x_wconf 84' lang='lat'>&#39;&#39;</span> 
     </span>
    </p>

    <p class='ocr_par' dir='ltr' id='par_1_2' title="bbox 224 165 980 218">
     <span class='ocr_line' id='line_1_2' title="bbox 224 165 980 218; baseline 0.001 -16"><span class='ocrx_word' id='word_1_6' title='bbox 224 185 240 202; x_wconf 83' lang='grc'>»</span> <span class='ocrx_word' id='word_1_7' title='bbox 258 167 363 206; x_wconf 81' lang='lat' dir='ltr'>Diris</span> <span class='ocrx_word' id='word_1_8' title='bbox 379 178 490 218; x_wconf 81' lang='lat' dir='ltr'>agam</span> <span class='ocrx_word' id='word_1_9' title='bbox 508 178 580 204; x_wconf 90' lang='lat' dir='ltr'>vos</span> <span class='ocrx_word' id='word_1_10' title='bbox 600 165 652 204; x_wconf 80' lang='lat'>²⁵:</span> <span class='ocrx_word' id='word_1_11' title='bbox 672 165 758 204; x_wconf 87' lang='lat' dir='ltr'>dira</span> <span class='ocrx_word' id='word_1_12' title='bbox 775 165 980 205; x_wconf 85' lang='lat' dir='ltr'>detestatio</span> 
     </span>
    </p>

    <p class='ocr_par' dir='ltr' id='par_1_3' title="bbox 225 227 1328 339">
     <span class='ocr_line' id='line_1_3' title="bbox 329 227 1328 278; baseline -0.004 -13"><span class='ocrx_word' id='word_1_13' title='bbox 329 244 346 261; x_wconf 81' lang='lat'>»</span> <span class='ocrx_word' id='word_1_14' title='bbox 365 228 481 266; x_wconf 70' lang='grc' dir='ltr'>ΝιιΙΙεί</span> <span class='ocrx_word' id='word_1_15' title='bbox 500 227 681 278; x_wconf 83' lang='lat' dir='ltr'><strong>expiatur</strong></span> <span class='ocrx_word' id='word_1_16' title='bbox 699 227 872 265; x_wconf 58' lang='lat' dir='ltr'>victima.</span> <span class='ocrx_word' id='word_1_17' title='bbox 1294 244 1328 269; x_wconf 72' lang='lat'>90</span> 
     </span>
     <span class='ocr_line' id='line_1_4' title="bbox 225 285 1029 339; baseline 0 -13"><span class='ocrx_word' id='word_1_18' title='bbox 225 305 240 322; x_wconf 84' lang='lat'><strong>»</strong></span> <span class='ocrx_word' id='word_1_19' title='bbox 261 285 384 335; x_wconf 87' lang='lat' dir='ltr'>Quin,</span> <span class='ocrx_word' id='word_1_20' title='bbox 400 285 470 326; x_wconf 82' lang='lat' dir='ltr'>ubi</span> <span class='ocrx_word' id='word_1_21' title='bbox 486 288 615 338; x_wconf 81' lang='lat' dir='ltr'>perire</span> <span class='ocrx_word' id='word_1_22' title='bbox 626 287 758 337; x_wconf 86' lang='lat' dir='ltr'>jussus</span> <span class='ocrx_word' id='word_1_23' title='bbox 776 288 1007 339; x_wconf 81' lang='lat' dir='ltr'>expiravero</span> <span class='ocrx_word' id='word_1_24' title='bbox 1018 316 1029 334; x_wconf 94' lang='lat'><strong>,</strong></span> 
     </span>
    </p>

    <p class='ocr_par' dir='ltr' id='par_1_4' title="bbox 224 350 1154 461">
     <span class='ocr_line' id='line_1_5' title="bbox 331 350 954 396; baseline 0.002 -11"><span class='ocrx_word' id='word_1_25' title='bbox 331 367 347 384; x_wconf 69' lang='grc' dir='ltr'><strong>υ</strong></span> <span class='ocrx_word' id='word_1_26' title='bbox 366 351 588 387; x_wconf 88' lang='lat' dir='ltr'>Nocturnus</span> <span class='ocrx_word' id='word_1_27' title='bbox 607 363 810 388; x_wconf 88' lang='lat' dir='ltr'>occurram</span> <span class='ocrx_word' id='word_1_28' title='bbox 830 350 954 396; x_wconf 88' lang='lat' dir='ltr'>furor,</span> 
     </span>
     <span class='ocr_line' id='line_1_6' title="bbox 224 406 1154 461; baseline 0 -14"><span class='ocrx_word' id='word_1_29' title='bbox 224 427 240 443; x_wconf 83' lang='lat'>»</span> <span class='ocrx_word' id='word_1_30' title='bbox 261 406 467 461; x_wconf 84' lang='lat' dir='ltr'>Petamque</span> <span class='ocrx_word' id='word_1_31' title='bbox 486 411 616 455; x_wconf 89' lang='lat' dir='ltr'>vultus</span> <span class='ocrx_word' id='word_1_32' title='bbox 634 410 771 449; x_wconf 85' lang='lat' dir='ltr'>umbra</span> <span class='ocrx_word' id='word_1_33' title='bbox 791 411 921 449; x_wconf 88' lang='lat' dir='ltr'>curvis</span> <span class='ocrx_word' id='word_1_34' title='bbox 940 409 1154 461; x_wconf 83' lang='lat' dir='ltr'>unguibus,</span> 
     </span>
    </p>

    <p class='ocr_par' dir='ltr' id='par_1_5' title="bbox 223 471 1329 583">
     <span class='ocr_line' id='line_1_7' title="bbox 330 471 1021 519; baseline 0.001 -13"><span class='ocrx_word' id='word_1_35' title='bbox 330 487 346 505; x_wconf 86' lang='lat'><strong>»</strong></span> <span class='ocrx_word' id='word_1_36' title='bbox 365 474 461 519; x_wconf 89' lang='lat' dir='ltr'>Quae</span> <span class='ocrx_word' id='word_1_37' title='bbox 480 472 537 508; x_wconf 90' lang='lat' dir='ltr'>vis</span> <span class='ocrx_word' id='word_1_38' title='bbox 560 474 733 509; x_wconf 86' lang='lat' dir='ltr'>Deorum</span> <span class='ocrx_word' id='word_1_39' title='bbox 753 480 810 509; x_wconf 87' lang='lat' dir='ltr'>est</span> <span class='ocrx_word' id='word_1_40' title='bbox 826 471 1021 518; x_wconf 83' lang='lat' dir='ltr'>Manium3</span> 
     </span>
     <span class='ocr_line' id='line_1_8' title="bbox 223 531 1329 583; baseline 0.005 -16"><span class='ocrx_word' id='word_1_41' title='bbox 223 548 239 566; x_wconf 70' lang='grc' dir='ltr'><strong>ι</strong></span> <span class='ocrx_word' id='word_1_42' title='bbox 255 534 303 570; x_wconf 90' lang='lat' dir='ltr'>Et</span> <span class='ocrx_word' id='word_1_43' title='bbox 317 531 499 582; x_wconf 85' lang='lat' dir='ltr'><strong>inquietis</strong></span> <span class='ocrx_word' id='word_1_44' title='bbox 511 532 681 571; x_wconf 81' lang='lat' dir='ltr'>assidens</span> <span class='ocrx_word' id='word_1_45' title='bbox 697 532 921 583; x_wconf 87' lang='lat' dir='ltr'>praecordiis</span> <span class='ocrx_word' id='word_1_46' title='bbox 931 559 945 578; x_wconf 90' lang='lat'><em>,</em></span> <span class='ocrx_word' id='word_1_47' title='bbox 1294 539 1329 572; x_wconf 80' lang='lat'>9⁵</span> 
     </span>
    </p>

    <p class='ocr_par' dir='ltr' id='par_1_6' title="bbox 220 594 1244 705">
     <span class='ocr_line' id='line_1_9' title="bbox 327 594 887 631; baseline 0 -1"><span class='ocrx_word' id='word_1_48' title='bbox 327 609 344 626; x_wconf 87' lang='lat'>»</span> <span class='ocrx_word' id='word_1_49' title='bbox 364 595 511 630; x_wconf 86' lang='lat' dir='ltr'>Pavore</span> <span class='ocrx_word' id='word_1_50' title='bbox 528 605 682 631; x_wconf 90' lang='lat' dir='ltr'>somnos</span> <span class='ocrx_word' id='word_1_51' title='bbox 702 594 887 631; x_wconf 82' lang='lat' dir='ltr'>anferam.</span> 
     </span>
     <span class='ocr_line' id='line_1_10' title="bbox 220 651 1244 705; baseline 0.001 -17"><span class='ocrx_word' id='word_1_52' title='bbox 220 671 236 688; x_wconf 70' lang='grc' dir='ltr'><strong>ι</strong></span> <span class='ocrx_word' id='word_1_53' title='bbox 255 656 334 692; x_wconf 90' lang='lat' dir='ltr'>Vos</span> <span class='ocrx_word' id='word_1_54' title='bbox 355 653 471 691; x_wconf 83' lang='lat' dir='ltr'>turba</span> <span class='ocrx_word' id='word_1_55' title='bbox 484 651 640 692; x_wconf 86' lang='lat' dir='ltr'>vicatim</span> <span class='ocrx_word' id='word_1_56' title='bbox 659 654 690 677; x_wconf 81' lang='lat'>¹⁶</span> <span class='ocrx_word' id='word_1_57' title='bbox 714 653 804 692; x_wconf 84' lang='lat' dir='ltr'>hinc</span> <span class='ocrx_word' id='word_1_58' title='bbox 819 662 858 691; x_wconf 87' lang='lat' dir='ltr'>et</span> <span class='ocrx_word' id='word_1_59' title='bbox 878 651 968 692; x_wconf 83' lang='lat' dir='ltr'>hinc</span> <span class='ocrx_word' id='word_1_60' title='bbox 983 653 1084 692; x_wconf 82' lang='lat' dir='ltr'>saxis</span> <span class='ocrx_word' id='word_1_61' title='bbox 1103 661 1244 705; x_wconf 86' lang='lat' dir='ltr'>petens</span> 
     </span>
    </p>

    <p class='ocr_par' dir='ltr' id='par_1_7' title="bbox 326 714 906 754">
     <span class='ocr_line' id='line_1_11' title="bbox 326 714 906 754; baseline 0 -2"><span class='ocrx_word' id='word_1_62' title='bbox 326 731 343 748; x_wconf 83' lang='lat'>»</span> <span class='ocrx_word' id='word_1_63' title='bbox 362 715 582 754; x_wconf 81' lang='lat' dir='ltr'>contundet</span> <span class='ocrx_word' id='word_1_64' title='bbox 595 714 781 754; x_wconf 82' lang='lat' dir='ltr'>obscenas</span> <span class='ocrx_word' id='word_1_65' title='bbox 798 728 906 754; x_wconf 81' lang='lat' dir='ltr'>anus.</span> 
     </span>
    </p>
   </div>
   <div class='ocr_carea' id='block_1_2' title="bbox 103 872 690 2262">
    <p class='ocr_par' dir='ltr' id='par_1_8' title="bbox 103 872 690 2262">
     <span class='ocr_line' id='line_1_12' title="bbox 111 872 688 915; baseline 0.002 -12"><span class='ocrx_word' id='word_1_66' title='bbox 111 872 210 915; x_wconf 71' lang='lat' dir='ltr'>quin,</span> <span class='ocrx_word' id='word_1_67' title='bbox 238 872 330 913; x_wconf 86' lang='lat' dir='ltr'>quod</span> <span class='ocrx_word' id='word_1_68' title='bbox 355 874 392 904; x_wconf 82' lang='lat' dir='ltr'>in</span> <span class='ocrx_word' id='word_1_69' title='bbox 412 873 509 904; x_wconf 86' lang='lat' dir='ltr'>rebus</span> <span class='ocrx_word' id='word_1_70' title='bbox 536 873 688 904; x_wconf 82' lang='lat' dir='ltr'>humanis</span> 
     </span>
     <span class='ocr_line' id='line_1_13' title="bbox 110 920 690 962; baseline 0.002 -12"><span class='ocrx_word' id='word_1_71' title='bbox 110 920 270 962; x_wconf 73' lang='lat' dir='ltr'>perpetuo</span> <span class='ocrx_word' id='word_1_72' title='bbox 287 922 466 958; x_wconf 79' lang='lat' dir='ltr'>cernimus,</span> <span class='ocrx_word' id='word_1_73' title='bbox 492 921 584 951; x_wconf 85' lang='lat' dir='ltr'>malis</span> <span class='ocrx_word' id='word_1_74' title='bbox 607 920 690 951; x_wconf 75' lang='lat' dir='ltr'>male</span> 
     </span>
     <span class='ocr_line' id='line_1_14' title="bbox 110 967 686 1009; baseline 0.003 -12"><span class='ocrx_word' id='word_1_75' title='bbox 110 968 168 1005; x_wconf 83' lang='lat' dir='ltr'>sit,</span> <span class='ocrx_word' id='word_1_76' title='bbox 199 973 232 997; x_wconf 90' lang='lat' dir='ltr'>et</span> <span class='ocrx_word' id='word_1_77' title='bbox 259 978 338 1008; x_wconf 86' lang='lat' dir='ltr'>quas</span> <span class='ocrx_word' id='word_1_78' title='bbox 377 967 524 999; x_wconf 73' lang='lat' dir='ltr'>meruere</span> <span class='ocrx_word' id='word_1_79' title='bbox 553 978 686 1009; x_wconf 72' lang='lat' dir='ltr'>poenas»,</span> 
     </span>
     <span class='ocr_line' id='line_1_15' title="bbox 110 1013 687 1046; baseline 0.003 -2"><span class='ocrx_word' id='word_1_80' title='bbox 110 1013 213 1045; x_wconf 79' lang='lat' dir='ltr'>luant.</span> <span class='ocrx_word' id='word_1_81' title='bbox 239 1014 292 1045; x_wconf 86' lang='lat' dir='ltr'>Sic</span> <span class='ocrx_word' id='word_1_82' title='bbox 317 1015 405 1046; x_wconf 87' lang='lat' dir='ltr'>enim</span> <span class='ocrx_word' id='word_1_83' title='bbox 427 1013 511 1045; x_wconf 76' lang='lat' dir='ltr'>vicis</span> <span class='ocrx_word' id='word_1_84' title='bbox 525 1015 687 1046; x_wconf 87' lang='lat' dir='ltr'>vocabulo</span> 
     </span>
     <span class='ocr_line' id='line_1_16' title="bbox 110 1062 688 1093; baseline 0.003 -3"><span class='ocrx_word' id='word_1_85' title='bbox 110 1066 252 1091; x_wconf 84' lang='lat' dir='ltr'>utuntur</span> <span class='ocrx_word' id='word_1_86' title='bbox 277 1069 412 1092; x_wconf 83' lang='lat' dir='ltr'>veteres.</span> <span class='ocrx_word' id='word_1_87' title='bbox 434 1063 551 1092; x_wconf 84' lang='lat' dir='ltr'>Brutus</span> <span class='ocrx_word' id='word_1_88' title='bbox 572 1062 613 1092; x_wconf 86' lang='lat' dir='ltr'>ad</span> <span class='ocrx_word' id='word_1_89' title='bbox 636 1063 688 1093; x_wconf 87' lang='lat' dir='ltr'>Ci-</span> 
     </span>
     <span class='ocr_line' id='line_1_17' title="bbox 110 1107 690 1140; baseline 0.003 -3"><span class='ocrx_word' id='word_1_90' title='bbox 110 1117 261 1138; x_wconf 88' lang='lat' dir='ltr'>ceronem</span> <span class='ocrx_word' id='word_1_91' title='bbox 285 1118 294 1140; x_wconf 88' lang='lat'>:</span> <span class='ocrx_word' id='word_1_92' title='bbox 324 1107 430 1139; x_wconf 65' lang='lat' dir='ltr'>Valde</span> <span class='ocrx_word' id='word_1_93' title='bbox 456 1116 490 1139; x_wconf 81' lang='lat' dir='ltr'>et</span> <span class='ocrx_word' id='word_1_94' title='bbox 519 1119 627 1139; x_wconf 90' lang='lat' dir='ltr'>meam</span> <span class='ocrx_word' id='word_1_95' title='bbox 656 1116 690 1139; x_wconf 79' lang='lat' dir='ltr'>et</span> 
     </span>
     <span class='ocr_line' id='line_1_18' title="bbox 110 1154 688 1187; baseline 0.003 -3"><span class='ocrx_word' id='word_1_96' title='bbox 110 1161 255 1185; x_wconf 75' lang='lat' dir='ltr'>vestram</span> <span class='ocrx_word' id='word_1_97' title='bbox 275 1154 385 1186; x_wconf 83' lang='lat' dir='ltr'>vicem</span> <span class='ocrx_word' id='word_1_98' title='bbox 403 1155 538 1186; x_wconf 78' lang='lat' dir='ltr'>timeam</span> <span class='ocrx_word' id='word_1_99' title='bbox 557 1167 688 1187; x_wconf 84' lang='lat' dir='ltr'>necesse</span> 
     </span>
     <span class='ocr_line' id='line_1_19' title="bbox 110 1201 687 1243; baseline 0.005 -12"><span class='ocrx_word' id='word_1_100' title='bbox 110 1208 179 1238; x_wconf 63' lang='grc' dir='ltr'>αα,-</span> <span class='ocrx_word' id='word_1_101' title='bbox 194 1201 257 1232; x_wconf 83' lang='lat' dir='ltr'>hoc</span> <span class='ocrx_word' id='word_1_102' title='bbox 271 1209 336 1241; x_wconf 86' lang='lat' dir='ltr'>est,</span> <span class='ocrx_word' id='word_1_103' title='bbox 346 1213 382 1233; x_wconf 84' lang='lat' dir='ltr'>ea</span> <span class='ocrx_word' id='word_1_104' title='bbox 396 1213 469 1243; x_wconf 82' lang='lat' dir='ltr'>quae</span> <span class='ocrx_word' id='word_1_105' title='bbox 482 1203 615 1234; x_wconf 83' lang='lat' dir='ltr'>adversa</span> <span class='ocrx_word' id='word_1_106' title='bbox 629 1214 687 1234; x_wconf 91' lang='lat' dir='ltr'>no-</span> 
     </span>
     <span class='ocr_line' id='line_1_20' title="bbox 109 1247 686 1287; baseline 0.002 -9"><span class='ocrx_word' id='word_1_107' title='bbox 109 1247 159 1278; x_wconf 78' lang='lat' dir='ltr'>bis</span> <span class='ocrx_word' id='word_1_108' title='bbox 167 1270 179 1285; x_wconf 94' lang='lat'><strong><em>,</em></strong></span> <span class='ocrx_word' id='word_1_109' title='bbox 203 1249 272 1279; x_wconf 67' lang='lat' dir='ltr'>sive</span> <span class='ocrx_word' id='word_1_110' title='bbox 298 1249 500 1280; x_wconf 79' lang='lat' dir='ltr'>merentibus</span> <span class='ocrx_word' id='word_1_111' title='bbox 511 1273 520 1287; x_wconf 93' lang='lat'><em>‚</em></span> <span class='ocrx_word' id='word_1_112' title='bbox 535 1250 603 1280; x_wconf 76' lang='lat' dir='ltr'>sive</span> <span class='ocrx_word' id='word_1_113' title='bbox 626 1251 686 1280; x_wconf 87' lang='lat' dir='ltr'>im-</span> 
     </span>
     <span class='ocr_line' id='line_1_21' title="bbox 109 1295 684 1334; baseline 0.002 -10"><span class='ocrx_word' id='word_1_114' title='bbox 109 1295 308 1326; x_wconf 81' lang='lat' dir='ltr'>merentibus</span> <span class='ocrx_word' id='word_1_115' title='bbox 319 1319 328 1334; x_wconf 95' lang='lat'><strong>,</strong></span> <span class='ocrx_word' id='word_1_116' title='bbox 342 1297 505 1327; x_wconf 84' lang='lat' dir='ltr'>evenient.</span> <span class='ocrx_word' id='word_1_117' title='bbox 518 1298 586 1327; x_wconf 86' lang='lat' dir='ltr'>Nec</span> <span class='ocrx_word' id='word_1_118' title='bbox 601 1296 684 1326; x_wconf 70' lang='lat' dir='ltr'>male</span> 
     </span>
     <span class='ocr_line' id='line_1_22' title="bbox 109 1340 685 1383; baseline 0 -11"><span class='ocrx_word' id='word_1_119' title='bbox 109 1340 332 1382; x_wconf 81' lang='lat' dir='ltr'>Porphyrion:</span> <span class='ocrx_word' id='word_1_120' title='bbox 353 1341 463 1379; x_wconf 82' lang='lat' dir='ltr'>Vices,</span> <span class='ocrx_word' id='word_1_121' title='bbox 482 1343 607 1383; x_wconf 88' lang='lat' dir='ltr'>inquit,</span> <span class='ocrx_word' id='word_1_122' title='bbox 629 1352 685 1382; x_wconf 80' lang='lat' dir='ltr'>ap-</span> 
     </span>
     <span class='ocr_line' id='line_1_23' title="bbox 105 1387 684 1430; baseline 0.002 -13"><span class='ocrx_word' id='word_1_123' title='bbox 105 1387 275 1427; x_wconf 78' lang='lat' dir='ltr'>pellantur</span> <span class='ocrx_word' id='word_1_124' title='bbox 288 1399 411 1430; x_wconf 83' lang='lat' dir='ltr'>poenoe,</span> <span class='ocrx_word' id='word_1_125' title='bbox 430 1400 503 1430; x_wconf 80' lang='lat' dir='ltr'>qnoe</span> <span class='ocrx_word' id='word_1_126' title='bbox 523 1388 556 1418; x_wconf 87' lang='lat' dir='ltr'>in</span> <span class='ocrx_word' id='word_1_127' title='bbox 581 1387 684 1419; x_wconf 85' lang='lat' dir='ltr'>malos</span> 
     </span>
     <span class='ocr_line' id='line_1_24' title="bbox 109 1435 685 1477; baseline 0 -13"><span class='ocrx_word' id='word_1_128' title='bbox 109 1443 308 1476; x_wconf 78' lang='lat' dir='ltr'>regeruntur.</span> <span class='ocrx_word' id='word_1_129' title='bbox 323 1435 385 1466; x_wconf 76' lang='lat' dir='ltr'>Vel</span> <span class='ocrx_word' id='word_1_130' title='bbox 399 1437 446 1466; x_wconf 82' lang='lat' dir='ltr'>sic</span> <span class='ocrx_word' id='word_1_131' title='bbox 457 1435 685 1477; x_wconf 84' lang='lat' dir='ltr'>interpretabi-</span> 
     </span>
     <span class='ocr_line' id='line_1_25' title="bbox 108 1480 685 1522; baseline 0.002 -12"><span class='ocrx_word' id='word_1_132' title='bbox 108 1489 205 1511; x_wconf 85' lang='lat' dir='ltr'>mur:</span> <span class='ocrx_word' id='word_1_133' title='bbox 222 1481 263 1512; x_wconf 89' lang='lat' dir='ltr'>In</span> <span class='ocrx_word' id='word_1_134' title='bbox 285 1480 452 1513; x_wconf 82' lang='lat' dir='ltr'>veneficiis</span> <span class='ocrx_word' id='word_1_135' title='bbox 478 1489 525 1512; x_wconf 83' lang='lat' dir='ltr'>est</span> <span class='ocrx_word' id='word_1_136' title='bbox 552 1481 685 1522; x_wconf 63' lang='lat' dir='ltr'>quidem</span> 
     </span>
     <span class='ocr_line' id='line_1_26' title="bbox 107 1528 686 1571; baseline 0.005 -15"><span class='ocrx_word' id='word_1_137' title='bbox 107 1537 223 1568; x_wconf 77' lang='lat' dir='ltr'>magna</span> <span class='ocrx_word' id='word_1_138' title='bbox 237 1531 286 1560; x_wconf 90' lang='lat' dir='ltr'>vis</span> <span class='ocrx_word' id='word_1_139' title='bbox 295 1552 306 1567; x_wconf 91' lang='lat'>‚</span> <span class='ocrx_word' id='word_1_140' title='bbox 319 1529 375 1560; x_wconf 89' lang='lat' dir='ltr'>sed</span> <span class='ocrx_word' id='word_1_141' title='bbox 394 1536 521 1560; x_wconf 86' lang='lat' dir='ltr'>tantum</span> <span class='ocrx_word' id='word_1_142' title='bbox 536 1528 686 1571; x_wconf 75' lang='lat' dir='ltr'>profecto</span> 
     </span>
     <span class='ocr_line' id='line_1_27' title="bbox 108 1575 687 1617; baseline 0.005 -14"><span class='ocrx_word' id='word_1_143' title='bbox 108 1583 177 1604; x_wconf 89' lang='lat' dir='ltr'>non</span> <span class='ocrx_word' id='word_1_144' title='bbox 196 1583 332 1615; x_wconf 87' lang='lat' dir='ltr'>possunt</span> <span class='ocrx_word' id='word_1_145' title='bbox 349 1576 403 1606; x_wconf 86' lang='lat' dir='ltr'>illa</span> <span class='ocrx_word' id='word_1_146' title='bbox 422 1586 483 1617; x_wconf 92' lang='lat' dir='ltr'>pro</span> <span class='ocrx_word' id='word_1_147' title='bbox 498 1575 687 1606; x_wconf 89' lang='lat' dir='ltr'>hominibus</span> 
     </span>
     <span class='ocr_line' id='line_1_28' title="bbox 107 1619 686 1663; baseline 0.003 -13"><span class='ocrx_word' id='word_1_148' title='bbox 107 1619 254 1659; x_wconf 83' lang='lat' dir='ltr'>efficere,</span> <span class='ocrx_word' id='word_1_149' title='bbox 269 1630 308 1652; x_wconf 91' lang='lat' dir='ltr'>nt</span> <span class='ocrx_word' id='word_1_150' title='bbox 330 1630 446 1653; x_wconf 76' lang='lat' dir='ltr'>natura</span> <span class='ocrx_word' id='word_1_151' title='bbox 470 1623 555 1663; x_wconf 84' lang='lat' dir='ltr'>aequi</span> <span class='ocrx_word' id='word_1_152' title='bbox 571 1629 603 1652; x_wconf 86' lang='lat' dir='ltr'>et</span> <span class='ocrx_word' id='word_1_153' title='bbox 625 1623 686 1653; x_wconf 86' lang='lat' dir='ltr'>ini-</span> 
     </span>
     <span class='ocr_line' id='line_1_29' title="bbox 108 1669 685 1709; baseline 0.003 -11"><span class='ocrx_word' id='word_1_154' title='bbox 108 1669 183 1709; x_wconf 88' lang='lat' dir='ltr'><strong>qui,</strong></span> <span class='ocrx_word' id='word_1_155' title='bbox 199 1676 238 1700; x_wconf 88' lang='lat' dir='ltr'>ut</span> <span class='ocrx_word' id='word_1_156' title='bbox 251 1670 298 1699; x_wconf 83' lang='lat' dir='ltr'>fas</span> <span class='ocrx_word' id='word_1_157' title='bbox 311 1675 342 1700; x_wconf 86' lang='lat' dir='ltr'>et</span> <span class='ocrx_word' id='word_1_158' title='bbox 359 1669 461 1707; x_wconf 80' lang='lat' dir='ltr'>nefas,</span> <span class='ocrx_word' id='word_1_159' title='bbox 474 1670 528 1709; x_wconf 85' lang='lat' dir='ltr'>jus</span> <span class='ocrx_word' id='word_1_160' title='bbox 544 1675 576 1699; x_wconf 90' lang='lat' dir='ltr'>et</span> <span class='ocrx_word' id='word_1_161' title='bbox 597 1670 685 1708; x_wconf 88' lang='lat' dir='ltr'>inju-</span> 
     </span>
     <span class='ocr_line' id='line_1_30' title="bbox 107 1713 684 1748; baseline 0.003 -4"><span class='ocrx_word' id='word_1_162' title='bbox 107 1713 154 1744; x_wconf 84' lang='lat' dir='ltr'>ria</span> <span class='ocrx_word' id='word_1_163' title='bbox 181 1723 360 1748; x_wconf 84' lang='lat' dir='ltr'>mutentur.</span> <span class='ocrx_word' id='word_1_164' title='bbox 402 1718 473 1747; x_wconf 82' lang='lat' dir='ltr'>Hoc</span> <span class='ocrx_word' id='word_1_165' title='bbox 510 1716 684 1747; x_wconf 84' lang='lat' dir='ltr'>hominurn</span> 
     </span>
     <span class='ocr_line' id='line_1_31' title="bbox 107 1762 686 1804; baseline 0 -12"><span class='ocrx_word' id='word_1_166' title='bbox 107 1762 200 1793; x_wconf 63' lang='lat' dir='ltr'>cansa</span> <span class='ocrx_word' id='word_1_167' title='bbox 207 1773 275 1793; x_wconf 86' lang='lat' dir='ltr'>non</span> <span class='ocrx_word' id='word_1_168' title='bbox 284 1770 422 1804; x_wconf 83' lang='lat' dir='ltr'>possunt</span> <span class='ocrx_word' id='word_1_169' title='bbox 434 1770 592 1804; x_wconf 84' lang='lat' dir='ltr'>praestare.</span> <span class='ocrx_word' id='word_1_170' title='bbox 602 1765 686 1793; x_wconf 86' lang='lat' dir='ltr'>Tur-</span> 
     </span>
     <span class='ocr_line' id='line_1_32' title="bbox 106 1809 685 1850; baseline 0 -11"><span class='ocrx_word' id='word_1_171' title='bbox 106 1809 180 1841; x_wconf 88' lang='lat' dir='ltr'>neb.</span> <span class='ocrx_word' id='word_1_172' title='bbox 191 1809 250 1841; x_wconf 91' lang='lat' dir='ltr'>lib.</span> <span class='ocrx_word' id='word_1_173' title='bbox 266 1811 357 1848; x_wconf 79' lang='lat' dir='ltr'><strong>XIV,</strong></span> <span class='ocrx_word' id='word_1_174' title='bbox 378 1820 449 1850; x_wconf 86' lang='lat' dir='ltr'>cap.</span> <span class='ocrx_word' id='word_1_175' title='bbox 474 1820 513 1840; x_wconf 89' lang='lat'>10</span> <span class='ocrx_word' id='word_1_176' title='bbox 530 1811 685 1841; x_wconf 83' lang='lat' dir='ltr'>:Venena</span> 
     </span>
     <span class='ocr_line' id='line_1_33' title="bbox 105 1855 680 1898; baseline 0 -12"><span class='ocrx_word' id='word_1_177' title='bbox 105 1866 262 1898; x_wconf 76' lang='lat' dir='ltr'>magnum</span> <span class='ocrx_word' id='word_1_178' title='bbox 268 1855 330 1898; x_wconf 66' lang='lat' dir='ltr'>fias</span> <span class='ocrx_word' id='word_1_179' title='bbox 344 1857 512 1898; x_wconf 82' lang='lat' dir='ltr'>nefasque.</span> <span class='ocrx_word' id='word_1_180' title='bbox 526 1856 680 1886; x_wconf 79' lang='lat' dir='ltr'>Mulieres</span> 
     </span>
     <span class='ocr_line' id='line_1_34' title="bbox 104 1902 681 1934; baseline 0 -1"><span class='ocrx_word' id='word_1_181' title='bbox 104 1902 258 1934; x_wconf 80' lang='lat' dir='ltr'>veneflcae</span> <span class='ocrx_word' id='word_1_182' title='bbox 270 1903 315 1933; x_wconf 84' lang='lat' dir='ltr'>fas</span> <span class='ocrx_word' id='word_1_183' title='bbox 330 1910 362 1934; x_wconf 89' lang='lat' dir='ltr'>et</span> <span class='ocrx_word' id='word_1_184' title='bbox 377 1903 465 1934; x_wconf 85' lang='lat' dir='ltr'>nefas</span> <span class='ocrx_word' id='word_1_185' title='bbox 481 1902 681 1934; x_wconf 88' lang='lat' dir='ltr'>confundere</span> 
     </span>
     <span class='ocr_line' id='line_1_35' title="bbox 105 1949 680 1991; baseline -0.002 -11"><span class='ocrx_word' id='word_1_186' title='bbox 105 1950 235 1991; x_wconf 65' lang='lat' dir='ltr'>simque</span> <span class='ocrx_word' id='word_1_187' title='bbox 253 1951 386 1981; x_wconf 88' lang='lat' dir='ltr'>venenis</span> <span class='ocrx_word' id='word_1_188' title='bbox 411 1950 551 1980; x_wconf 84' lang='lat' dir='ltr'>humana</span> <span class='ocrx_word' id='word_1_189' title='bbox 579 1956 611 1980; x_wconf 86' lang='lat' dir='ltr'>et</span> <span class='ocrx_word' id='word_1_190' title='bbox 631 1949 680 1979; x_wconf 90' lang='lat' dir='ltr'>di-</span> 
     </span>
     <span class='ocr_line' id='line_1_36' title="bbox 107 1995 682 2038; baseline 0.003 -14"><span class='ocrx_word' id='word_1_191' title='bbox 107 1995 180 2026; x_wconf 77' lang='lat' dir='ltr'>vina</span> <span class='ocrx_word' id='word_1_192' title='bbox 205 2003 389 2038; x_wconf 85' lang='lat' dir='ltr'>pervertere</span> <span class='ocrx_word' id='word_1_193' title='bbox 430 2003 588 2037; x_wconf 89' lang='lat' dir='ltr'>possunt,</span> <span class='ocrx_word' id='word_1_194' title='bbox 625 1996 682 2026; x_wconf 84' lang='lat' dir='ltr'>sed</span> 
     </span>
     <span class='ocr_line' id='line_1_37' title="bbox 103 2040 684 2084; baseline 0.002 -12"><span class='ocrx_word' id='word_1_195' title='bbox 103 2040 254 2074; x_wconf 72' lang='lat' dir='ltr'>humanae</span> <span class='ocrx_word' id='word_1_196' title='bbox 283 2044 358 2074; x_wconf 80' lang='lat' dir='ltr'>vitae</span> <span class='ocrx_word' id='word_1_197' title='bbox 374 2050 494 2074; x_wconf 83' lang='lat' dir='ltr'>sortem</span> <span class='ocrx_word' id='word_1_198' title='bbox 517 2049 684 2084; x_wconf 85' lang='lat' dir='ltr'>nequeunt</span> 
     </span>
     <span class='ocr_line' id='line_1_38' title="bbox 105 2089 681 2132; baseline 0.005 -15"><span class='ocrx_word' id='word_1_199' title='bbox 105 2089 274 2120; x_wconf 81' lang='lat' dir='ltr'>immutare</span> <span class='ocrx_word' id='word_1_200' title='bbox 291 2099 299 2121; x_wconf 71' lang='grc' dir='ltr'><strong><em>ι</em></strong></span> <span class='ocrx_word' id='word_1_201' title='bbox 314 2101 421 2132; x_wconf 87' lang='lat' dir='ltr'>neque</span> <span class='ocrx_word' id='word_1_202' title='bbox 445 2096 582 2131; x_wconf 85' lang='lat' dir='ltr'>possunt</span> <span class='ocrx_word' id='word_1_203' title='bbox 603 2089 681 2120; x_wconf 81' lang='lat' dir='ltr'>essu-</span> 
     </span>
     <span class='ocr_line' id='line_1_39' title="bbox 105 2135 681 2176; baseline 0.002 -12"><span class='ocrx_word' id='word_1_204' title='bbox 105 2145 179 2176; x_wconf 88' lang='lat' dir='ltr'>gere</span> <span class='ocrx_word' id='word_1_205' title='bbox 194 2136 273 2176; x_wconf 80' lang='lat' dir='ltr'>quin</span> <span class='ocrx_word' id='word_1_206' title='bbox 293 2147 427 2168; x_wconf 89' lang='lat' dir='ltr'>suorum</span> <span class='ocrx_word' id='word_1_207' title='bbox 448 2135 681 2166; x_wconf 82' lang='lat' dir='ltr'>maleficiorum</span> 
     </span>
     <span class='ocr_line' id='line_1_40' title="bbox 106 2182 683 2224; baseline 0.002 -13"><span class='ocrx_word' id='word_1_208' title='bbox 106 2190 217 2224; x_wconf 83' lang='lat' dir='ltr'>poenas</span> <span class='ocrx_word' id='word_1_209' title='bbox 229 2182 307 2214; x_wconf 88' lang='lat' dir='ltr'>dent</span> <span class='ocrx_word' id='word_1_210' title='bbox 320 2191 352 2214; x_wconf 81' lang='lat' dir='ltr'>et</span> <span class='ocrx_word' id='word_1_211' title='bbox 367 2190 471 2214; x_wconf 81' lang='lat' dir='ltr'>morte</span> <span class='ocrx_word' id='word_1_212' title='bbox 483 2189 616 2224; x_wconf 87' lang='lat' dir='ltr'>pereant</span> <span class='ocrx_word' id='word_1_213' title='bbox 627 2183 683 2213; x_wconf 91' lang='lat' dir='ltr'>mi-</span> 
     </span>
     <span class='ocr_line' id='line_1_41' title="bbox 106 2227 682 2262; baseline 0.002 -3"><span class='ocrx_word' id='word_1_214' title='bbox 106 2227 245 2261; x_wconf 81' lang='lat' dir='ltr'>serabili.</span> <span class='ocrx_word' id='word_1_215' title='bbox 257 2231 298 2262; x_wconf 92' lang='lat' dir='ltr'>In</span> <span class='ocrx_word' id='word_1_216' title='bbox 316 2230 402 2262; x_wconf 82' lang='lat' dir='ltr'>hanc</span> <span class='ocrx_word' id='word_1_217' title='bbox 420 2230 567 2261; x_wconf 84' lang='lat' dir='ltr'>ultimam</span> <span class='ocrx_word' id='word_1_218' title='bbox 581 2230 682 2260; x_wconf 75' lang='lat' dir='ltr'>inter-</span> 
     </span>
    </p>
   </div>
   <div class='ocr_carea' id='block_1_3' title="bbox 731 874 1326 2263">
    <p class='ocr_par' dir='ltr' id='par_1_9' title="bbox 741 874 1325 1093">
     <span class='ocr_line' id='line_1_42' title="bbox 741 874 1321 915; baseline 0.002 -11"><span class='ocrx_word' id='word_1_219' title='bbox 741 874 958 915; x_wconf 75' lang='lat' dir='ltr'>pretationem</span> <span class='ocrx_word' id='word_1_220' title='bbox 969 875 1024 905; x_wconf 89' lang='lat' dir='ltr'>cui</span> <span class='ocrx_word' id='word_1_221' title='bbox 1035 874 1102 905; x_wconf 75' lang='lat' dir='ltr'>fere</span> <span class='ocrx_word' id='word_1_222' title='bbox 1115 882 1321 906; x_wconf 87' lang='lat' dir='ltr'>accesserunt</span> 
     </span>
     <span class='ocr_line' id='line_1_43' title="bbox 743 921 1325 961; baseline 0.002 -10"><span class='ocrx_word' id='word_1_223' title='bbox 743 921 871 953; x_wconf 79' lang='lat' dir='ltr'>doctiss.</span> <span class='ocrx_word' id='word_1_224' title='bbox 884 922 946 951; x_wconf 88' lang='lat' dir='ltr'>viri</span> <span class='ocrx_word' id='word_1_225' title='bbox 958 924 1039 953; x_wconf 84' lang='lat' dir='ltr'>Ren.</span> <span class='ocrx_word' id='word_1_226' title='bbox 1053 923 1147 953; x_wconf 89' lang='lat' dir='ltr'>Binet</span> <span class='ocrx_word' id='word_1_227' title='bbox 1157 945 1166 961; x_wconf 84' lang='lat'><em>‚</em></span> <span class='ocrx_word' id='word_1_228' title='bbox 1180 921 1325 953; x_wconf 85' lang='lat' dir='ltr'>Vander-</span> 
     </span>
     <span class='ocr_line' id='line_1_44' title="bbox 742 968 1323 1010; baseline 0.003 -12"><span class='ocrx_word' id='word_1_229' title='bbox 742 968 848 1010; x_wconf 87' lang='lat' dir='ltr'>bourg</span> <span class='ocrx_word' id='word_1_230' title='bbox 862 975 896 999; x_wconf 85' lang='lat' dir='ltr'>et</span> <span class='ocrx_word' id='word_1_231' title='bbox 914 970 1004 999; x_wconf 87' lang='lat' dir='ltr'>Daru</span> <span class='ocrx_word' id='word_1_232' title='bbox 1015 993 1023 1006; x_wconf 95' lang='lat'>‚</span> <span class='ocrx_word' id='word_1_233' title='bbox 1039 970 1196 1000; x_wconf 81' lang='lat' dir='ltr'>inclinare</span> <span class='ocrx_word' id='word_1_234' title='bbox 1215 979 1266 999; x_wconf 87' lang='lat' dir='ltr'>me</span> <span class='ocrx_word' id='word_1_235' title='bbox 1280 969 1323 1000; x_wconf 83' lang='lat' dir='ltr'>fa·</span> 
     </span>
     <span class='ocr_line' id='line_1_45' title="bbox 742 1015 1322 1059; baseline 0.003 -14"><span class='ocrx_word' id='word_1_236' title='bbox 742 1022 829 1052; x_wconf 89' lang='lat' dir='ltr'>teor,</span> <span class='ocrx_word' id='word_1_237' title='bbox 843 1022 880 1046; x_wconf 89' lang='lat' dir='ltr'>ut</span> <span class='ocrx_word' id='word_1_238' title='bbox 895 1016 1027 1046; x_wconf 83' lang='lat' dir='ltr'>obviam</span> <span class='ocrx_word' id='word_1_239' title='bbox 1043 1016 1143 1059; x_wconf 84' lang='lat' dir='ltr'>magis</span> <span class='ocrx_word' id='word_1_240' title='bbox 1159 1023 1190 1047; x_wconf 88' lang='lat' dir='ltr'>et</span> <span class='ocrx_word' id='word_1_241' title='bbox 1202 1015 1322 1058; x_wconf 87' lang='lat' dir='ltr'>simpli-</span> 
     </span>
     <span class='ocr_line' id='line_1_46' title="bbox 743 1072 876 1093; baseline 0.008 -1"><span class='ocrx_word' id='word_1_242' title='bbox 743 1072 876 1093; x_wconf 79' lang='lat' dir='ltr'>ciorem.</span> 
     </span>
    </p>

    <p class='ocr_par' dir='ltr' id='par_1_10' title="bbox 731 1104 1326 2132">
     <span class='ocr_line' id='line_1_47' title="bbox 794 1104 1323 1152; baseline 0.004 -14"><span class='ocrx_word' id='word_1_243' title='bbox 794 1109 846 1139; x_wconf 83' lang='lat'>15.</span> <span class='ocrx_word' id='word_1_244' title='bbox 862 1108 950 1139; x_wconf 77' lang='lat' dir='ltr'>Diris</span> <span class='ocrx_word' id='word_1_245' title='bbox 967 1120 1068 1152; x_wconf 77' lang='lat' dir='ltr'>agam</span> <span class='ocrx_word' id='word_1_246' title='bbox 1081 1104 1144 1139; x_wconf 66' lang='lat' dir='ltr'>‘nos</span> <span class='ocrx_word' id='word_1_247' title='bbox 1155 1120 1168 1138; x_wconf 91' lang='lat'>.·</span> <span class='ocrx_word' id='word_1_248' title='bbox 1189 1119 1248 1140; x_wconf 90' lang='lat' dir='ltr'>vos</span> <span class='ocrx_word' id='word_1_249' title='bbox 1265 1110 1323 1140; x_wconf 89' lang='lat' dir='ltr'>im·</span> 
     </span>
     <span class='ocr_line' id='line_1_48' title="bbox 741 1155 1321 1198; baseline 0.002 -13"><span class='ocrx_word' id='word_1_250' title='bbox 741 1156 986 1196; x_wconf 84' lang='lat' dir='ltr'>precationibus</span> <span class='ocrx_word' id='word_1_251' title='bbox 1028 1166 1222 1198; x_wconf 81' lang='lat' dir='ltr'>persequar3</span> <span class='ocrx_word' id='word_1_252' title='bbox 1265 1155 1321 1187; x_wconf 85' lang='lat' dir='ltr'>ad-</span> 
     </span>
     <span class='ocr_line' id='line_1_49' title="bbox 743 1201 1323 1234; baseline 0.003 -2"><span class='ocrx_word' id='word_1_253' title='bbox 743 1201 854 1233; x_wconf 75' lang='lat' dir='ltr'>versus</span> <span class='ocrx_word' id='word_1_254' title='bbox 876 1214 933 1234; x_wconf 87' lang='lat' dir='ltr'>vos</span> <span class='ocrx_word' id='word_1_255' title='bbox 952 1205 1033 1234; x_wconf 87' lang='lat' dir='ltr'>iram</span> <span class='ocrx_word' id='word_1_256' title='bbox 1053 1203 1190 1234; x_wconf 90' lang='lat' dir='ltr'>deornm</span> <span class='ocrx_word' id='word_1_257' title='bbox 1210 1205 1323 1234; x_wconf 90' lang='lat' dir='ltr'>conci-</span> 
     </span>
     <span class='ocr_line' id='line_1_50' title="bbox 739 1249 1324 1282; baseline 0.002 -3"><span class='ocrx_word' id='word_1_258' title='bbox 739 1249 828 1279; x_wconf 86' lang='lat' dir='ltr'>tabo.</span> <span class='ocrx_word' id='word_1_259' title='bbox 851 1268 899 1272; x_wconf 83' lang='lat'>—-</span> <span class='ocrx_word' id='word_1_260' title='bbox 914 1250 998 1280; x_wconf 78' lang='lat' dir='ltr'>Dira</span> <span class='ocrx_word' id='word_1_261' title='bbox 1023 1249 1196 1281; x_wconf 81' lang='lat' dir='ltr'>detestatio</span> <span class='ocrx_word' id='word_1_262' title='bbox 1219 1249 1324 1282; x_wconf 63' lang='lat' dir='ltr'><em>Nulla</em></span> 
     </span>
     <span class='ocr_line' id='line_1_51' title="bbox 739 1295 1326 1335; baseline 0.003 -11"><span class='ocrx_word' id='word_1_263' title='bbox 739 1295 894 1335; x_wconf 73' lang='lat' dir='ltr'>expiatur</span> <span class='ocrx_word' id='word_1_264' title='bbox 904 1295 1043 1325; x_wconf 71' lang='lat' dir='ltr'>victimd</span> <span class='ocrx_word' id='word_1_265' title='bbox 1053 1308 1064 1325; x_wconf 90' lang='lat'>.·</span> <span class='ocrx_word' id='word_1_266' title='bbox 1083 1297 1258 1326; x_wconf 78' lang='lat' dir='ltr'>credebaut</span> <span class='ocrx_word' id='word_1_267' title='bbox 1272 1307 1326 1326; x_wconf 88' lang='lat' dir='ltr'>ve-</span> 
     </span>
     <span class='ocr_line' id='line_1_52' title="bbox 738 1342 1323 1384; baseline 0.003 -13"><span class='ocrx_word' id='word_1_268' title='bbox 738 1347 822 1371; x_wconf 84' lang='lat' dir='ltr'>teres</span> <span class='ocrx_word' id='word_1_269' title='bbox 836 1342 903 1372; x_wconf 87' lang='lat' dir='ltr'>haec</span> <span class='ocrx_word' id='word_1_270' title='bbox 922 1349 996 1372; x_wconf 81' lang='lat' dir='ltr'>vota</span> <span class='ocrx_word' id='word_1_271' title='bbox 1018 1342 1169 1384; x_wconf 84' lang='lat' dir='ltr'>legitimis</span> <span class='ocrx_word' id='word_1_272' title='bbox 1194 1342 1233 1372; x_wconf 90' lang='lat' dir='ltr'>de</span> <span class='ocrx_word' id='word_1_273' title='bbox 1247 1353 1323 1373; x_wconf 86' lang='lat' dir='ltr'>cau-</span> 
     </span>
     <span class='ocr_line' id='line_1_53' title="bbox 738 1386 1322 1431; baseline 0.005 -14"><span class='ocrx_word' id='word_1_274' title='bbox 738 1388 781 1418; x_wconf 87' lang='lat' dir='ltr'>sis</span> <span class='ocrx_word' id='word_1_275' title='bbox 807 1388 905 1418; x_wconf 74' lang='lat' dir='ltr'>semel</span> <span class='ocrx_word' id='word_1_276' title='bbox 930 1390 1043 1419; x_wconf 84' lang='lat' dir='ltr'>emissa</span> <span class='ocrx_word' id='word_1_277' title='bbox 1053 1411 1062 1426; x_wconf 90' lang='lat'>‚</span> <span class='ocrx_word' id='word_1_278' title='bbox 1086 1386 1190 1419; x_wconf 76' lang='lat' dir='ltr'>serius</span> <span class='ocrx_word' id='word_1_279' title='bbox 1219 1387 1322 1431; x_wconf 70' lang='lat' dir='ltr'>ocyus</span> 
     </span>
     <span class='ocr_line' id='line_1_54' title="bbox 738 1435 1322 1476; baseline 0.003 -12"><span class='ocrx_word' id='word_1_280' title='bbox 738 1436 863 1465; x_wconf 78' lang='lat' dir='ltr'>exitum</span> <span class='ocrx_word' id='word_1_281' title='bbox 877 1446 972 1465; x_wconf 88' lang='lat' dir='ltr'>suum</span> <span class='ocrx_word' id='word_1_282' title='bbox 984 1435 1113 1474; x_wconf 80' lang='lat' dir='ltr'>habere,</span> <span class='ocrx_word' id='word_1_283' title='bbox 1130 1435 1322 1476; x_wconf 68' lang='lat' dir='ltr'>nentiquz‘im</span> 
     </span>
     <span class='ocr_line' id='line_1_55' title="bbox 740 1483 1323 1523; baseline 0.003 -12"><span class='ocrx_word' id='word_1_284' title='bbox 740 1492 807 1512; x_wconf 89' lang='lat' dir='ltr'>esse</span> <span class='ocrx_word' id='word_1_285' title='bbox 820 1483 923 1514; x_wconf 80' lang='lat' dir='ltr'>irrita.</span> <span class='ocrx_word' id='word_1_286' title='bbox 938 1483 1044 1513; x_wconf 85' lang='lat' dir='ltr'>Nemo</span> <span class='ocrx_word' id='word_1_287' title='bbox 1058 1490 1122 1519; x_wconf 84' lang='lat' dir='ltr'>est,</span> <span class='ocrx_word' id='word_1_288' title='bbox 1136 1483 1247 1523; x_wconf 91' lang='lat' dir='ltr'>inquit</span> <span class='ocrx_word' id='word_1_289' title='bbox 1259 1483 1323 1514; x_wconf 83' lang='lat' dir='ltr'>Pli-</span> 
     </span>
     <span class='ocr_line' id='line_1_56' title="bbox 739 1529 1321 1568; baseline 0.002 -10"><span class='ocrx_word' id='word_1_290' title='bbox 739 1529 829 1567; x_wconf 80' lang='lat' dir='ltr'>nius,</span> <span class='ocrx_word' id='word_1_291' title='bbox 858 1530 943 1560; x_wconf 84' lang='lat' dir='ltr'>Hist.</span> <span class='ocrx_word' id='word_1_292' title='bbox 969 1537 1035 1561; x_wconf 86' lang='lat' dir='ltr'>nat.</span> <span class='ocrx_word' id='word_1_293' title='bbox 1062 1531 1231 1568; x_wconf 80' lang='lat' dir='ltr'>XXVIII,</span> <span class='ocrx_word' id='word_1_294' title='bbox 1255 1540 1272 1559; x_wconf 88' lang='lat'>2</span> <span class='ocrx_word' id='word_1_295' title='bbox 1284 1540 1297 1559; x_wconf 85' lang='lat'>1</span> <span class='ocrx_word' id='word_1_296' title='bbox 1312 1553 1321 1567; x_wconf 94' lang='lat'><strong><em>,</em></strong></span> 
     </span>
     <span class='ocr_line' id='line_1_57' title="bbox 741 1575 1322 1618; baseline 0.005 -14"><span class='ocrx_word' id='word_1_297' title='bbox 741 1576 799 1616; x_wconf 80' lang='lat' dir='ltr'>qui</span> <span class='ocrx_word' id='word_1_298' title='bbox 827 1575 927 1618; x_wconf 65' lang='lat' dir='ltr'>dffgi</span> <span class='ocrx_word' id='word_1_299' title='bbox 949 1576 1029 1606; x_wconf 81' lang='lat' dir='ltr'>diris</span> <span class='ocrx_word' id='word_1_300' title='bbox 1056 1576 1322 1607; x_wconf 78' lang='lat' dir='ltr'>detestationibus</span> 
     </span>
     <span class='ocr_line' id='line_1_58' title="bbox 741 1623 1320 1664; baseline 0.003 -12"><span class='ocrx_word' id='word_1_301' title='bbox 741 1633 807 1653; x_wconf 87' lang='lat' dir='ltr'>non</span> <span class='ocrx_word' id='word_1_302' title='bbox 836 1630 970 1654; x_wconf 78' lang='lat' dir='ltr'>metuat.</span> <span class='ocrx_word' id='word_1_303' title='bbox 986 1623 1063 1654; x_wconf 87' lang='lat' dir='ltr'>vid.</span> <span class='ocrx_word' id='word_1_304' title='bbox 1084 1623 1181 1664; x_wconf 51' lang='lat' dir='ltr'>supr&amp;</span> <span class='ocrx_word' id='word_1_305' title='bbox 1205 1623 1267 1655; x_wconf 87' lang='lat' dir='ltr'>Od.</span> <span class='ocrx_word' id='word_1_306' title='bbox 1285 1625 1320 1662; x_wconf 91' lang='grc' dir='ltr'>Ι,</span> 
     </span>
     <span class='ocr_line' id='line_1_59' title="bbox 742 1669 1321 1711; baseline 0.002 -11"><span class='ocrx_word' id='word_1_307' title='bbox 742 1670 784 1700; x_wconf 80' lang='lat'>28</span> <span class='ocrx_word' id='word_1_308' title='bbox 796 1692 805 1706; x_wconf 93' lang='lat'>‚</span> <span class='ocrx_word' id='word_1_309' title='bbox 834 1671 876 1700; x_wconf 80' lang='lat'>33</span> <span class='ocrx_word' id='word_1_310' title='bbox 892 1679 901 1700; x_wconf 70' lang='grc' dir='ltr'><strong><em>ε</em></strong></span> <span class='ocrx_word' id='word_1_311' title='bbox 931 1672 1038 1711; x_wconf 85' lang='lat' dir='ltr'>Teque</span> <span class='ocrx_word' id='word_1_312' title='bbox 1056 1669 1195 1711; x_wconf 79' lang='lat' dir='ltr'>piacula</span> <span class='ocrx_word' id='word_1_313' title='bbox 1228 1671 1321 1701; x_wconf 82' lang='lat' dir='ltr'>nulla</span> 
     </span>
     <span class='ocr_line' id='line_1_60' title="bbox 739 1717 1319 1748; baseline 0.003 -2"><span class='ocrx_word' id='word_1_314' title='bbox 739 1717 907 1747; x_wconf 72' lang='lat' dir='ltr'>resolvent.</span> <span class='ocrx_word' id='word_1_315' title='bbox 926 1734 974 1741; x_wconf 89' lang='lat'>--</span> <span class='ocrx_word' id='word_1_316' title='bbox 995 1719 1183 1748; x_wconf 77' lang='lat' dir='ltr'>Nocturnas</span> <span class='ocrx_word' id='word_1_317' title='bbox 1210 1728 1319 1748; x_wconf 82' lang='lat' dir='ltr'>occur-</span> 
     </span>
     <span class='ocr_line' id='line_1_61' title="bbox 738 1762 1321 1805; baseline 0.002 -11"><span class='ocrx_word' id='word_1_318' title='bbox 738 1774 810 1794; x_wconf 86' lang='lat' dir='ltr'>ram</span> <span class='ocrx_word' id='word_1_319' title='bbox 815 1762 914 1804; x_wconf 71' lang='lat' dir='ltr'>ficror</span> <span class='ocrx_word' id='word_1_320' title='bbox 928 1774 939 1794; x_wconf 87' lang='lat'>.·</span> <span class='ocrx_word' id='word_1_321' title='bbox 964 1765 1117 1805; x_wconf 58' lang='lat' dir='ltr'>tanquem</span> <span class='ocrx_word' id='word_1_322' title='bbox 1142 1766 1238 1795; x_wconf 87' lang='lat' dir='ltr'>Furia</span> <span class='ocrx_word' id='word_1_323' title='bbox 1262 1775 1321 1805; x_wconf 91' lang='lat' dir='ltr'>per</span> 
     </span>
     <span class='ocr_line' id='line_1_62' title="bbox 738 1811 1319 1852; baseline 0.003 -12"><span class='ocrx_word' id='word_1_324' title='bbox 738 1817 869 1840; x_wconf 83' lang='lat' dir='ltr'>noctem</span> <span class='ocrx_word' id='word_1_325' title='bbox 885 1811 944 1840; x_wconf 85' lang='lat' dir='ltr'>tibi</span> <span class='ocrx_word' id='word_1_326' title='bbox 962 1811 1134 1852; x_wconf 82' lang='lat' dir='ltr'>apparebo.</span> <span class='ocrx_word' id='word_1_327' title='bbox 1155 1812 1208 1841; x_wconf 85' lang='lat' dir='ltr'>sic</span> <span class='ocrx_word' id='word_1_328' title='bbox 1231 1811 1319 1842; x_wconf 83' lang='lat' dir='ltr'>Dido</span> 
     </span>
     <span class='ocr_line' id='line_1_63' title="bbox 731 1857 1319 1896; baseline 0.003 -10"><span class='ocrx_word' id='word_1_329' title='bbox 731 1857 861 1896; x_wconf 65' lang='lat' dir='ltr'>jamjaim</span> <span class='ocrx_word' id='word_1_330' title='bbox 875 1858 1033 1887; x_wconf 83' lang='lat' dir='ltr'>moritura</span> <span class='ocrx_word' id='word_1_331' title='bbox 1050 1867 1058 1889; x_wconf 90' lang='lat'><strong>:</strong></span> <span class='ocrx_word' id='word_1_332' title='bbox 1078 1858 1234 1889; x_wconf 83' lang='lat' dir='ltr'>Omnibus</span> <span class='ocrx_word' id='word_1_333' title='bbox 1250 1869 1319 1888; x_wconf 87' lang='lat' dir='ltr'>um-</span> 
     </span>
     <span class='ocr_line' id='line_1_64' title="bbox 734 1903 1319 1943; baseline 0.005 -10"><span class='ocrx_word' id='word_1_334' title='bbox 734 1904 791 1933; x_wconf 85' lang='lat' dir='ltr'>bra</span> <span class='ocrx_word' id='word_1_335' title='bbox 805 1903 883 1934; x_wconf 87' lang='lat' dir='ltr'>locis</span> <span class='ocrx_word' id='word_1_336' title='bbox 895 1904 1018 1940; x_wconf 79' lang='lat' dir='ltr'>adero;</span> <span class='ocrx_word' id='word_1_337' title='bbox 1032 1907 1104 1936; x_wconf 84' lang='lat' dir='ltr'>AEn.</span> <span class='ocrx_word' id='word_1_338' title='bbox 1119 1907 1175 1943; x_wconf 80' lang='lat' dir='ltr'>IV,</span> <span class='ocrx_word' id='word_1_339' title='bbox 1190 1906 1319 1937; x_wconf 85' lang='lat'>386.—</span> 
     </span>
     <span class='ocr_line' id='line_1_65' title="bbox 739 1950 1318 1991; baseline 0.005 -12"><span class='ocrx_word' id='word_1_340' title='bbox 739 1952 821 1991; x_wconf 81' lang='lat' dir='ltr'>Quce</span> <span class='ocrx_word' id='word_1_341' title='bbox 839 1950 894 1981; x_wconf 76' lang='lat' dir='ltr'>vis</span> <span class='ocrx_word' id='word_1_342' title='bbox 913 1953 1055 1981; x_wconf 81' lang='lat' dir='ltr'>Deorum</span> <span class='ocrx_word' id='word_1_343' title='bbox 1070 1959 1117 1982; x_wconf 82' lang='lat' dir='ltr'>est</span> <span class='ocrx_word' id='word_1_344' title='bbox 1137 1952 1288 1983; x_wconf 78' lang='lat' dir='ltr'>Manium</span> <span class='ocrx_word' id='word_1_345' title='bbox 1305 1963 1318 1982; x_wconf 85' lang='grc'>.-</span> 
     </span>
     <span class='ocr_line' id='line_1_66' title="bbox 735 1997 1320 2039; baseline 0.005 -12"><span class='ocrx_word' id='word_1_346' title='bbox 735 2008 773 2028; x_wconf 90' lang='lat' dir='ltr'>ea</span> <span class='ocrx_word' id='word_1_347' title='bbox 790 2004 838 2027; x_wconf 91' lang='lat' dir='ltr'>est</span> <span class='ocrx_word' id='word_1_348' title='bbox 852 1997 938 2027; x_wconf 85' lang='lat' dir='ltr'>enim</span> <span class='ocrx_word' id='word_1_349' title='bbox 953 2005 1095 2039; x_wconf 86' lang='lat' dir='ltr'>potestas</span> <span class='ocrx_word' id='word_1_350' title='bbox 1106 1999 1296 2030; x_wconf 84' lang='lat' dir='ltr'>umbrarum</span> <span class='ocrx_word' id='word_1_351' title='bbox 1310 2022 1320 2037; x_wconf 90' lang='lat'>,</span> 
     </span>
     <span class='ocr_line' id='line_1_67' title="bbox 737 2045 1319 2077; baseline 0.007 -4"><span class='ocrx_word' id='word_1_352' title='bbox 737 2051 775 2074; x_wconf 89' lang='lat' dir='ltr'>ut</span> <span class='ocrx_word' id='word_1_353' title='bbox 789 2045 940 2075; x_wconf 86' lang='lat' dir='ltr'>inimicos</span> <span class='ocrx_word' id='word_1_354' title='bbox 952 2055 1028 2076; x_wconf 87' lang='lat' dir='ltr'>snos</span> <span class='ocrx_word' id='word_1_355' title='bbox 1045 2056 1163 2076; x_wconf 87' lang='lat' dir='ltr'>vexare</span> <span class='ocrx_word' id='word_1_356' title='bbox 1177 2053 1210 2077; x_wconf 88' lang='lat' dir='ltr'>et</span> <span class='ocrx_word' id='word_1_357' title='bbox 1220 2046 1319 2077; x_wconf 82' lang='lat' dir='ltr'>ulcis-</span> 
     </span>
     <span class='ocr_line' id='line_1_68' title="bbox 735 2091 914 2132; baseline 0 -11"><span class='ocrx_word' id='word_1_358' title='bbox 735 2091 766 2121; x_wconf 89' lang='lat' dir='ltr'>ci</span> <span class='ocrx_word' id='word_1_359' title='bbox 782 2097 914 2132; x_wconf 82' lang='lat' dir='ltr'>queant.</span> 
     </span>
    </p>

    <p class='ocr_par' dir='ltr' id='par_1_11' title="bbox 735 2136 1318 2263">
     <span class='ocr_line' id='line_1_69' title="bbox 787 2136 1318 2170; baseline 0.006 -3"><span class='ocrx_word' id='word_1_360' title='bbox 787 2138 839 2168; x_wconf 90' lang='lat'>16.</span> <span class='ocrx_word' id='word_1_361' title='bbox 859 2136 1000 2168; x_wconf 75' lang='lat' dir='ltr'>Vicatim</span> <span class='ocrx_word' id='word_1_362' title='bbox 1017 2149 1028 2168; x_wconf 80' lang='grc'>.-</span> <span class='ocrx_word' id='word_1_363' title='bbox 1053 2138 1092 2169; x_wconf 87' lang='lat' dir='ltr'>de</span> <span class='ocrx_word' id='word_1_364' title='bbox 1111 2140 1185 2170; x_wconf 83' lang='lat' dir='ltr'>vico</span> <span class='ocrx_word' id='word_1_365' title='bbox 1210 2141 1246 2169; x_wconf 89' lang='lat' dir='ltr'>in</span> <span class='ocrx_word' id='word_1_366' title='bbox 1269 2140 1318 2170; x_wconf 84' lang='lat' dir='ltr'>vi-</span> 
     </span>
     <span class='ocr_line' id='line_1_70' title="bbox 735 2183 1318 2228; baseline 0.005 -15"><span class='ocrx_word' id='word_1_367' title='bbox 735 2194 811 2214; x_wconf 88' lang='lat' dir='ltr'>cum</span> <span class='ocrx_word' id='word_1_368' title='bbox 822 2207 831 2221; x_wconf 93' lang='lat'><strong>,</strong></span> <span class='ocrx_word' id='word_1_369' title='bbox 848 2191 880 2214; x_wconf 83' lang='lat' dir='ltr'>et</span> <span class='ocrx_word' id='word_1_370' title='bbox 891 2183 1094 2226; x_wconf 74' lang='lat' dir='ltr'>quacumque</span> <span class='ocrx_word' id='word_1_371' title='bbox 1110 2196 1235 2228; x_wconf 86' lang='lat' dir='ltr'>gressus</span> <span class='ocrx_word' id='word_1_372' title='bbox 1250 2196 1318 2216; x_wconf 84' lang='lat' dir='ltr'>ves-</span> 
     </span>
     <span class='ocr_line' id='line_1_71' title="bbox 736 2230 1317 2263; baseline 0.003 -2"><span class='ocrx_word' id='word_1_373' title='bbox 736 2238 803 2262; x_wconf 83' lang='lat' dir='ltr'>tros</span> <span class='ocrx_word' id='word_1_374' title='bbox 817 2230 964 2263; x_wconf 84' lang='lat' dir='ltr'>tuleritis.</span> <span class='ocrx_word' id='word_1_375' title='bbox 976 2249 1025 2257; x_wconf 88' lang='lat'>—·</span> <span class='ocrx_word' id='word_1_376' title='bbox 1036 2232 1201 2263; x_wconf 71' lang='lat' dir='ltr'>Obscenos</span> <span class='ocrx_word' id='word_1_377' title='bbox 1214 2243 1226 2262; x_wconf 91' lang='grc'>.·</span> <span class='ocrx_word' id='word_1_378' title='bbox 1245 2242 1317 2262; x_wconf 86' lang='lat' dir='ltr'>cru-</span> 
     </span>
    </p>
   </div>
  </div>
 </body>
</html>
