1422 2528
570 111 650 146 LIB-
668 112 702 144 V
725 112 814 144 ODE
829 110 891 143 11.

1279 107 1343 140 127

179 167 322 208 Libera
338 170 497 210 consilia
507 200 518 220 ,
534 185 608 211 nec
625 172 871 211 contumeliae
893 182 1046 222 graves;

210 230 216 236 '
288 230 366 269 Sed
384 231 484 270 alius
498 232 616 271 ardor
628 220 848 285 aufpuellae
870 229 1064 276 candidae,

181 292 260 328 Aut
279 292 411 331 teretis
425 294 555 344 pueri,
570 284 724 346 [ongam
744 292 970 332 renodantis
983 301 1149 329 comam.

127 452 316 487 'Amicorum
331 457 469 489 c'onsIIia
480 469 492 489 :
507 458 548 490 ad
561 460 703 491 Pettium

127 503 235 544 ipsum
249 505 382 545 respicit
393 506 451 548 qui
460 528 470 544 ‚
484 504 561 537 oiim
573 517 648 537 eum
663 507 704 538 ab

129 548 260 581 Inachia
287 551 469 584 abstrahere
501 555 705 593 tentavisset,

131 598 311 638 turpiorem
342 599 512 631 libidinem
542 601 707 642 improba-

131 649 225 675 turus
252 648 460 688 supponitur.
473 665 522 671 -—
535 649 606 679 Nec
634 659 708 679 con-

130 690 272 724 tumeliae
291 703 408 735 graves
429 706 441 725 .·
464 695 618 738 intelligit
640 696 709 726 sive

130 737 288 777 injuriosa
301 741 404 783 ipsius
418 742 543 784 Lycisci
563 742 688 773 fastidia
699 765 708 780 ,

129 783 197 815 sive
211 785 308 818 duras
330 789 427 819 Penii
450 795 708 831 caeterorumque

131 832 311 865 amicorum
347 836 626 877 exprobrationes.
662 855 710 861 —

131 879 427 914 Puellaecandidae
448 895 460 913 :
482 884 642 926 pulchrae,
672 891 710 915 ut

761 459 891 493 passim.
915 475 963 481 —-
987 457 1056 487 Aac
1090 453 1199 486 ceretis
1216 451 1314 494 pueri
1330 463 1340 481 .·
1372 484 1379 490 ,

762 495 854 546 eujus
868 505 1014 536 membra
1031 502 1074 534 ad
1089 502 1227 534 formam
1250 499 1340 530 femi-

761 564 857 584 neam
875 550 1012 584 delicata'i
1030 548 1234 582 rotunditate
1253 557 1342 577 acce-

761 600 852 632 dant.
884 617 930 624 —-
957 602 1108 641 Longam
1151 593 1343 626 renodantis

762 658 891 679 comam
908 658 920 677 .-
936 657 1008 678 non
1022 647 1059 676 in
1078 643 1207 676 nodum
1231 641 1343 672 astrin-

763 696 884 737 gentis,
904 700 941 724 ut
968 692 1136 725 nonnullis
1170 691 1341 730 interpret.
1360 728 1363 737 ι

763 742 886 784 placet,
908 740 966 772 sed
982 741 999 772 ὲ
1014 738 1128 772 contra
1139 760 1148 777 ‚
1162 736 1341 768 dissolven-

763 791 822 828 tis,
838 788 883 820 ita
901 796 938 820 ut
950 789 987 819 in
1000 788 1155 820 humeros
1180 781 1342 815 diffunda-

764 843 827 868 tur.
843 835 929 867 Vide
951 835 1015 867 Od.
1043 836 1112 873 111,
1135 842 1200 870 20,
1230 836 1291 869 ¹4,
1313 836 1344 859 et

764 885 823 922 IV,
841 894 892 922 10,
912 884 944 914 3.
