<?xml version="1.0" encoding="UTF-8"?>
<!DOCTYPE html PUBLIC "-//W3C//DTD XHTML 1.0 Transitional//EN"
    "http://www.w3.org/TR/xhtml1/DTD/xhtml1-transitional.dtd">
<html xmlns="http://www.w3.org/1999/xhtml" xml:lang="en" lang="en">
 <head>
  <title>
</title>
<meta http-equiv="Content-Type" content="text/html;charset=utf-8" />
  <meta name='ocr-system' content='tesseract 3.04.00' />
  <meta name='ocr-capabilities' content='ocr_page ocr_carea ocr_par ocr_line ocrx_word'/>
</head>
<body>
  <div class='ocr_page' id='page_1' title='image "./quintushoratiusf02horauoft_0035.png"; bbox 0 0 1404 2522; ppageno 0'>
   <div class='ocr_carea' id='block_1_1' title="bbox 7 0 425 125">
    <p class='ocr_par' dir='ltr' id='par_1_1' title="bbox 7 0 425 125">
     <span class='ocr_line' id='line_1_1' title="bbox 7 0 425 61; baseline -0.002 -41"><span class='ocrx_word' id='word_1_1' title='bbox 7 0 218 61; x_wconf 51' lang='lat' dir='ltr'><strong>FU</strong></span> <span class='ocrx_word' id='word_1_2' title='bbox 195 18 205 26; x_wconf 77' lang='grc'>,</span> <span class='ocrx_word' id='word_1_3' title='bbox 221 0 368 19; x_wconf 44' lang='grc' dir='ltr'><strong>’.ν-’ψ’-Γ</strong></span> <span class='ocrx_word' id='word_1_4' title='bbox 422 0 425 3; x_wconf 93' lang='grc'><strong><em>·</em></strong></span> 
     </span>
     <span class='ocr_line' id='line_1_2' title="bbox 48 21 266 55; baseline -0.005 -7"><span class='ocrx_word' id='word_1_5' title='bbox 48 35 63 55; x_wconf 52' lang='grc' dir='ltr'>ᾗ</span> <span class='ocrx_word' id='word_1_6' title='bbox 132 31 133 36; x_wconf 72' lang='grc'>’</span> <span class='ocrx_word' id='word_1_7' title='bbox 148 52 151 54; x_wconf 47' lang='grc'>-</span> <span class='ocrx_word' id='word_1_8' title='bbox 184 22 186 25; x_wconf 44' lang='grc'>’</span> <span class='ocrx_word' id='word_1_9' title='bbox 231 21 266 47; x_wconf 51' lang='lat'><strong>‘9⁴</strong></span> 
     </span>
     <span class='ocr_line' id='line_1_3' title="bbox 20 59 327 125; baseline -0.003 0"><span class='ocrx_word' id='word_1_10' title='bbox 20 59 50 125; x_wconf 54' lang='grc' dir='ltr'><em>ἓ</em></span> <span class='ocrx_word' id='word_1_11' title='bbox 159 81 168 92; x_wconf 66' lang='lat'><strong><em>⁶</em></strong></span> <span class='ocrx_word' id='word_1_12' title='bbox 322 77 327 80; x_wconf 79' lang='grc'><strong><em>’</em></strong></span> 
     </span>
    </p>
   </div>
   <div class='ocr_carea' id='block_1_2' title="bbox 649 136 742 198">
    <p class='ocr_par' dir='ltr' id='par_1_2' title="bbox 649 136 742 198">
     <span class='ocr_line' id='line_1_4' title="bbox 649 136 742 198; baseline -0.011 -14"><span class='ocrx_word' id='word_1_13' title='bbox 649 136 742 198; x_wconf 75' lang='lat' dir='ltr'><strong>xvij</strong></span> 
     </span>
    </p>
   </div>
   <div class='ocr_carea' id='block_1_3' title="bbox 94 216 1386 2295">
    <p class='ocr_par' dir='ltr' id='par_1_3' title="bbox 94 216 1386 2026">
     <span class='ocr_line' id='line_1_5' title="bbox 94 216 1306 287; baseline -0.008 -17"><span class='ocrx_word' id='word_1_14' title='bbox 94 216 302 270; x_wconf 72' lang='lat' dir='ltr'><strong>doetrinae</strong></span> <span class='ocrx_word' id='word_1_15' title='bbox 332 241 419 270; x_wconf 83' lang='lat' dir='ltr'><strong>suae</strong></span> <span class='ocrx_word' id='word_1_16' title='bbox 451 227 692 287; x_wconf 76' lang='lat' dir='ltr'><strong>praeceptis,</strong></span> <span class='ocrx_word' id='word_1_17' title='bbox 721 237 765 270; x_wconf 86' lang='lat' dir='ltr'><strong>et</strong></span> <span class='ocrx_word' id='word_1_18' title='bbox 799 225 970 269; x_wconf 87' lang='lat' dir='ltr'>rideant</span> <span class='ocrx_word' id='word_1_19' title='bbox 997 238 1047 266; x_wconf 88' lang='lat' dir='ltr'><strong>ac</strong></span> <span class='ocrx_word' id='word_1_20' title='bbox 1080 219 1306 283; x_wconf 51' lang='lat' dir='ltr'><strong>ersibilent</strong></span> 
     </span>
     <span class='ocr_line' id='line_1_6' title="bbox 96 292 1308 354; baseline -0.006 -19"><span class='ocrx_word' id='word_1_21' title='bbox 96 308 246 336; x_wconf 89' lang='lat' dir='ltr'><strong>omnes</strong></span> <span class='ocrx_word' id='word_1_22' title='bbox 275 294 508 336; x_wconf 85' lang='lat' dir='ltr'><strong>verborum</strong></span> <span class='ocrx_word' id='word_1_23' title='bbox 534 308 768 354; x_wconf 83' lang='lat' dir='ltr'><strong>rerumque</strong></span> <span class='ocrx_word' id='word_1_24' title='bbox 795 303 931 337; x_wconf 89' lang='lat' dir='ltr'><strong>certas</strong></span> <span class='ocrx_word' id='word_1_25' title='bbox 961 292 1077 350; x_wconf 85' lang='lat' dir='ltr'><strong>leges</strong></span> <span class='ocrx_word' id='word_1_26' title='bbox 1105 297 1308 332; x_wconf 82' lang='lat' dir='ltr'><strong>ornatus-</strong></span> 
     </span>
     <span class='ocr_line' id='line_1_7' title="bbox 99 362 1309 424; baseline -0.006 -22"><span class='ocrx_word' id='word_1_27' title='bbox 99 375 204 418; x_wconf 80' lang='lat' dir='ltr'><strong>que3</strong></span> <span class='ocrx_word' id='word_1_28' title='bbox 238 376 469 424; x_wconf 85' lang='lat' dir='ltr'><strong>nunquam</strong></span> <span class='ocrx_word' id='word_1_29' title='bbox 494 363 636 404; x_wconf 76' lang='lat' dir='ltr'><strong>tamen</strong></span> <span class='ocrx_word' id='word_1_30' title='bbox 679 362 900 423; x_wconf 84' lang='lat' dir='ltr'>evincent,</span> <span class='ocrx_word' id='word_1_31' title='bbox 937 370 987 402; x_wconf 90' lang='lat' dir='ltr'><strong>ut</strong></span> <span class='ocrx_word' id='word_1_32' title='bbox 1026 373 1116 401; x_wconf 89' lang='lat' dir='ltr'><strong>non</strong></span> <span class='ocrx_word' id='word_1_33' title='bbox 1153 368 1309 412; x_wconf 83' lang='lat' dir='ltr'><strong>magna</strong></span> 
     </span>
     <span class='ocr_line' id='line_1_8' title="bbox 98 421 1309 486; baseline -0.005 -17"><span class='ocrx_word' id='word_1_34' title='bbox 98 426 191 470; x_wconf 87' lang='lat' dir='ltr'><strong>laus</strong></span> <span class='ocrx_word' id='word_1_35' title='bbox 219 429 272 470; x_wconf 86' lang='lat' dir='ltr'><strong>sit</strong></span> <span class='ocrx_word' id='word_1_36' title='bbox 294 427 440 475; x_wconf 81' lang='lat' dir='ltr'><strong>futura</strong></span> <span class='ocrx_word' id='word_1_37' title='bbox 460 443 634 483; x_wconf 82' lang='lat' dir='ltr'><strong>eorum,</strong></span> <span class='ocrx_word' id='word_1_38' title='bbox 662 429 737 486; x_wconf 92' lang='lat' dir='ltr'><strong>qui</strong></span> <span class='ocrx_word' id='word_1_39' title='bbox 759 442 848 470; x_wconf 90' lang='lat' dir='ltr'><strong>non</strong></span> <span class='ocrx_word' id='word_1_40' title='bbox 870 426 924 468; x_wconf 90' lang='lat' dir='ltr'><strong>ad</strong></span> <span class='ocrx_word' id='word_1_41' title='bbox 953 425 1140 468; x_wconf 87' lang='lat' dir='ltr'><strong>sterilem</strong></span> <span class='ocrx_word' id='word_1_42' title='bbox 1160 421 1309 465; x_wconf 88' lang='lat' dir='ltr'><strong>humi-</strong></span> 
     </span>
     <span class='ocr_line' id='line_1_9' title="bbox 98 489 1312 552; baseline -0.004 -17"><span class='ocrx_word' id='word_1_43' title='bbox 98 493 269 552; x_wconf 86' lang='lat' dir='ltr'><strong>lemque</strong></span> <span class='ocrx_word' id='word_1_44' title='bbox 286 494 528 549; x_wconf 88' lang='lat' dir='ltr'><strong>scientiam‚</strong></span> <span class='ocrx_word' id='word_1_45' title='bbox 555 495 631 538; x_wconf 91' lang='lat' dir='ltr'><strong>sed</strong></span> <span class='ocrx_word' id='word_1_46' title='bbox 658 494 714 537; x_wconf 87' lang='lat' dir='ltr'><strong>ad</strong></span> <span class='ocrx_word' id='word_1_47' title='bbox 731 493 923 536; x_wconf 91' lang='lat' dir='ltr'><strong>nobilem</strong></span> <span class='ocrx_word' id='word_1_48' title='bbox 938 493 1053 535; x_wconf 89' lang='lat' dir='ltr'><strong>illam</strong></span> <span class='ocrx_word' id='word_1_49' title='bbox 1070 489 1312 533; x_wconf 88' lang='lat' dir='ltr'><strong>liberalem-</strong></span> 
     </span>
     <span class='ocr_line' id='line_1_10' title="bbox 101 557 1312 620; baseline -0.006 -16"><span class='ocrx_word' id='word_1_50' title='bbox 101 577 186 620; x_wconf 85' lang='lat' dir='ltr'><strong>que</strong></span> <span class='ocrx_word' id='word_1_51' title='bbox 217 560 501 619; x_wconf 86' lang='lat' dir='ltr'><strong>philosophiae</strong></span> <span class='ocrx_word' id='word_1_52' title='bbox 537 573 722 620; x_wconf 87' lang='lat' dir='ltr'><strong>partem,</strong></span> <span class='ocrx_word' id='word_1_53' title='bbox 757 577 852 620; x_wconf 85' lang='lat' dir='ltr'><strong>quae</strong></span> <span class='ocrx_word' id='word_1_54' title='bbox 885 561 1026 619; x_wconf 88' lang='lat' dir='ltr'><strong>poesis</strong></span> <span class='ocrx_word' id='word_1_55' title='bbox 1058 557 1312 617; x_wconf 84' lang='lat' dir='ltr'><strong>appellatur,</strong></span> 
     </span>
     <span class='ocr_line' id='line_1_11' title="bbox 102 624 1315 682; baseline -0.006 -11"><span class='ocrx_word' id='word_1_56' title='bbox 102 644 177 671; x_wconf 86' lang='lat' dir='ltr'><strong>sua</strong></span> <span class='ocrx_word' id='word_1_57' title='bbox 197 626 340 670; x_wconf 85' lang='lat' dir='ltr'><strong>studia</strong></span> <span class='ocrx_word' id='word_1_58' title='bbox 363 629 655 671; x_wconf 83' lang='lat' dir='ltr'><strong>contulerunt.</strong></span> <span class='ocrx_word' id='word_1_59' title='bbox 689 629 803 671; x_wconf 70' lang='lat' dir='ltr'><strong>Nam</strong></span> <span class='ocrx_word' id='word_1_60' title='bbox 830 638 995 669; x_wconf 87' lang='lat' dir='ltr'><strong>veteres</strong></span> <span class='ocrx_word' id='word_1_61' title='bbox 1020 626 1135 679; x_wconf 81' lang='lat' dir='ltr'><strong>illos,</strong></span> <span class='ocrx_word' id='word_1_62' title='bbox 1158 624 1315 682; x_wconf 91' lang='lat' dir='ltr'><strong>quibus</strong></span> 
     </span>
     <span class='ocr_line' id='line_1_12' title="bbox 102 693 1313 755; baseline -0.008 -14"><span class='ocrx_word' id='word_1_63' title='bbox 102 694 252 755; x_wconf 80' lang='lat' dir='ltr'><strong>optimi</strong></span> <span class='ocrx_word' id='word_1_64' title='bbox 273 709 323 735; x_wconf 78' lang='lat' dir='ltr'><strong>ac</strong></span> <span class='ocrx_word' id='word_1_65' title='bbox 345 696 500 740; x_wconf 88' lang='lat' dir='ltr'><strong>summi</strong></span> <span class='ocrx_word' id='word_1_66' title='bbox 529 696 611 738; x_wconf 92' lang='lat' dir='ltr'><strong>Dei</strong></span> <span class='ocrx_word' id='word_1_67' title='bbox 635 709 787 737; x_wconf 87' lang='lat' dir='ltr'><strong>vocem</strong></span> <span class='ocrx_word' id='word_1_68' title='bbox 815 693 986 748; x_wconf 86' lang='lat' dir='ltr'><strong>audire,</strong></span> <span class='ocrx_word' id='word_1_69' title='bbox 1018 694 1195 750; x_wconf 90' lang='lat' dir='ltr'><strong>ejusque</strong></span> <span class='ocrx_word' id='word_1_70' title='bbox 1222 705 1313 732; x_wconf 91' lang='lat' dir='ltr'><strong>ser-</strong></span> 
     </span>
     <span class='ocr_line' id='line_1_13' title="bbox 101 757 1317 823; baseline -0.007 -16"><span class='ocrx_word' id='word_1_71' title='bbox 101 779 231 807; x_wconf 89' lang='lat' dir='ltr'><strong>mone</strong></span> <span class='ocrx_word' id='word_1_72' title='bbox 244 766 330 809; x_wconf 86' lang='lat' dir='ltr'><strong>frui</strong></span> <span class='ocrx_word' id='word_1_73' title='bbox 345 765 455 823; x_wconf 72' lang='lat' dir='ltr'><strong>saepe</strong></span> <span class='ocrx_word' id='word_1_74' title='bbox 470 762 609 816; x_wconf 82' lang='lat' dir='ltr'><strong>licuit,</strong></span> <span class='ocrx_word' id='word_1_75' title='bbox 620 762 820 804; x_wconf 86' lang='lat' dir='ltr'><strong>homines</strong></span> <span class='ocrx_word' id='word_1_76' title='bbox 835 757 1317 819; x_wconf 83' lang='lat' dir='ltr'><strong>sapientissimos’atque</strong></span> 
     </span>
     <span class='ocr_line' id='line_1_14' title="bbox 103 823 1317 890; baseline -0.007 -16"><span class='ocrx_word' id='word_1_77' title='bbox 103 833 410 887; x_wconf 82' lang='lat' dir='ltr'><strong>sanctissimos,</strong></span> <span class='ocrx_word' id='word_1_78' title='bbox 444 830 622 890; x_wconf 85' lang='lat' dir='ltr'><strong>poeticae</strong></span> <span class='ocrx_word' id='word_1_79' title='bbox 651 828 863 871; x_wconf 82' lang='lat' dir='ltr'><strong>facultatis</strong></span> <span class='ocrx_word' id='word_1_80' title='bbox 886 825 1123 869; x_wconf 72' lang='lat' dir='ltr'><strong>admodum</strong></span> <span class='ocrx_word' id='word_1_81' title='bbox 1147 823 1317 867; x_wconf 88' lang='lat' dir='ltr'><strong>studio—</strong></span> 
     </span>
     <span class='ocr_line' id='line_1_15' title="bbox 103 890 1320 955; baseline -0.008 -14"><span class='ocrx_word' id='word_1_82' title='bbox 103 914 174 943; x_wconf 91' lang='lat' dir='ltr'><strong>sos</strong></span> <span class='ocrx_word' id='word_1_83' title='bbox 193 898 340 955; x_wconf 81' lang='lat' dir='ltr'><strong>fuisse,</strong></span> <span class='ocrx_word' id='word_1_84' title='bbox 368 911 554 955; x_wconf 88' lang='lat' dir='ltr'><strong>suasque</strong></span> <span class='ocrx_word' id='word_1_85' title='bbox 578 896 858 954; x_wconf 81' lang='lat' dir='ltr'><strong>cogitationes</strong></span> <span class='ocrx_word' id='word_1_86' title='bbox 879 909 970 936; x_wconf 91' lang='lat' dir='ltr'><strong>non</strong></span> <span class='ocrx_word' id='word_1_87' title='bbox 993 909 1065 947; x_wconf 90' lang='lat' dir='ltr'><strong>eo,</strong></span> <span class='ocrx_word' id='word_1_88' title='bbox 1083 907 1172 950; x_wconf 88' lang='lat' dir='ltr'><strong>quo</strong></span> <span class='ocrx_word' id='word_1_89' title='bbox 1192 890 1320 949; x_wconf 91' lang='lat' dir='ltr'><strong>quili-</strong></span> 
     </span>
     <span class='ocr_line' id='line_1_16' title="bbox 103 961 1317 1019; baseline -0.007 -10"><span class='ocrx_word' id='word_1_90' title='bbox 103 965 180 1008; x_wconf 88' lang='lat' dir='ltr'><strong>bet</strong></span> <span class='ocrx_word' id='word_1_91' title='bbox 207 977 416 1019; x_wconf 87' lang='lat' dir='ltr'><strong>uteretur‚</strong></span> <span class='ocrx_word' id='word_1_92' title='bbox 445 978 664 1017; x_wconf 85' lang='lat' dir='ltr'><strong>sermone,</strong></span> <span class='ocrx_word' id='word_1_93' title='bbox 689 961 765 1004; x_wconf 90' lang='lat' dir='ltr'><strong>sed</strong></span> <span class='ocrx_word' id='word_1_94' title='bbox 787 961 982 1004; x_wconf 84' lang='lat' dir='ltr'><strong>versibus</strong></span> <span class='ocrx_word' id='word_1_95' title='bbox 1004 973 1219 1018; x_wconf 79' lang='lat' dir='ltr'><strong>exponere</strong></span> <span class='ocrx_word' id='word_1_96' title='bbox 1239 974 1317 1001; x_wconf 87' lang='lat' dir='ltr'><strong>vo·</strong></span> 
     </span>
     <span class='ocr_line' id='line_1_17' title="bbox 106 1025 1320 1087; baseline -0.006 -14"><span class='ocrx_word' id='word_1_97' title='bbox 106 1031 235 1074; x_wconf 90' lang='lat' dir='ltr'><strong>luisse</strong></span> <span class='ocrx_word' id='word_1_98' title='bbox 249 1042 430 1075; x_wconf 87' lang='lat' dir='ltr'><strong>constat.</strong></span> <span class='ocrx_word' id='word_1_99' title='bbox 443 1030 693 1072; x_wconf 84' lang='lat' dir='ltr'><strong>Proximum</strong></span> <span class='ocrx_word' id='word_1_100' title='bbox 712 1030 763 1071; x_wconf 86' lang='lat' dir='ltr'><strong>iis</strong></span> <span class='ocrx_word' id='word_1_101' title='bbox 781 1027 998 1087; x_wconf 84' lang='lat' dir='ltr'><strong>dignitatis</strong></span> <span class='ocrx_word' id='word_1_102' title='bbox 1006 1027 1153 1068; x_wconf 90' lang='lat' dir='ltr'><strong>locum</strong></span> <span class='ocrx_word' id='word_1_103' title='bbox 1163 1025 1320 1068; x_wconf 83' lang='lat' dir='ltr'><strong>habeat</strong></span> 
     </span>
     <span class='ocr_line' id='line_1_18' title="bbox 105 1095 1320 1158; baseline -0.007 -16"><span class='ocrx_word' id='word_1_104' title='bbox 105 1099 187 1142; x_wconf 89' lang='lat' dir='ltr'><strong>sibi</strong></span> <span class='ocrx_word' id='word_1_105' title='bbox 205 1100 439 1142; x_wconf 88' lang='lat' dir='ltr'><strong>Horatiana</strong></span> <span class='ocrx_word' id='word_1_106' title='bbox 468 1098 631 1158; x_wconf 83' lang='lat' dir='ltr'><strong>poesiS‚</strong></span> <span class='ocrx_word' id='word_1_107' title='bbox 658 1099 724 1139; x_wconf 80' lang='lat' dir='ltr'><strong>uti</strong></span> <span class='ocrx_word' id='word_1_108' title='bbox 750 1097 794 1138; x_wconf 89' lang='lat' dir='ltr'><strong>in</strong></span> <span class='ocrx_word' id='word_1_109' title='bbox 823 1097 908 1153; x_wconf 69' lang='lat' dir='ltr'><strong>qua</strong></span> <span class='ocrx_word' id='word_1_110' title='bbox 930 1110 980 1137; x_wconf 86' lang='lat' dir='ltr'><strong>ea</strong></span> <span class='ocrx_word' id='word_1_111' title='bbox 1007 1095 1143 1136; x_wconf 85' lang='lat' dir='ltr'><strong>latent</strong></span> <span class='ocrx_word' id='word_1_112' title='bbox 1164 1108 1320 1135; x_wconf 87' lang='lat' dir='ltr'><strong>arcana</strong></span> 
     </span>
     <span class='ocr_line' id='line_1_19' title="bbox 103 1163 1318 1225; baseline -0.004 -16"><span class='ocrx_word' id='word_1_113' title='bbox 103 1168 345 1211; x_wconf 79' lang='lat' dir='ltr'><strong>multifariae</strong></span> <span class='ocrx_word' id='word_1_114' title='bbox 375 1166 614 1225; x_wconf 63' lang='lat' dir='ltr'><strong>sapientiae,</strong></span> <span class='ocrx_word' id='word_1_115' title='bbox 641 1180 737 1222; x_wconf 82' lang='lat' dir='ltr'><strong>quae</strong></span> <span class='ocrx_word' id='word_1_116' title='bbox 760 1164 951 1223; x_wconf 87' lang='lat' dir='ltr'><strong>profanis</strong></span> <span class='ocrx_word' id='word_1_117' title='bbox 972 1163 1106 1206; x_wconf 89' lang='lat' dir='ltr'><strong>oculis</strong></span> <span class='ocrx_word' id='word_1_118' title='bbox 1128 1178 1216 1205; x_wconf 89' lang='lat' dir='ltr'><strong>non</strong></span> <span class='ocrx_word' id='word_1_119' title='bbox 1239 1178 1318 1221; x_wconf 84' lang='lat' dir='ltr'><strong>pa-</strong></span> 
     </span>
     <span class='ocr_line' id='line_1_20' title="bbox 104 1230 1318 1292; baseline -0.004 -15"><span class='ocrx_word' id='word_1_120' title='bbox 104 1244 215 1290; x_wconf 86' lang='lat' dir='ltr'><strong>tent,</strong></span> <span class='ocrx_word' id='word_1_121' title='bbox 253 1251 350 1292; x_wconf 82' lang='lat' dir='ltr'><strong>quae</strong></span> <span class='ocrx_word' id='word_1_122' title='bbox 386 1233 516 1276; x_wconf 89' lang='lat' dir='ltr'><strong>rudes</strong></span> <span class='ocrx_word' id='word_1_123' title='bbox 554 1233 720 1275; x_wconf 90' lang='lat' dir='ltr'><strong>animos</strong></span> <span class='ocrx_word' id='word_1_124' title='bbox 755 1232 980 1286; x_wconf 84' lang='lat' dir='ltr'><strong>excolunt,</strong></span> <span class='ocrx_word' id='word_1_125' title='bbox 1019 1235 1114 1289; x_wconf 80' lang='lat' dir='ltr'><strong>quae</strong></span> <span class='ocrx_word' id='word_1_126' title='bbox 1149 1246 1230 1273; x_wconf 89' lang='lat' dir='ltr'><strong>nos</strong></span> <span class='ocrx_word' id='word_1_127' title='bbox 1265 1230 1318 1271; x_wconf 87' lang='lat' dir='ltr'><strong>ab</strong></span> 
     </span>
     <span class='ocr_line' id='line_1_21' title="bbox 102 1297 1321 1357; baseline -0.003 -14"><span class='ocrx_word' id='word_1_128' title='bbox 102 1315 248 1343; x_wconf 82' lang='lat' dir='ltr'><strong>rerum</strong></span> <span class='ocrx_word' id='word_1_129' title='bbox 274 1300 504 1343; x_wconf 86' lang='lat' dir='ltr'><strong>humilium</strong></span> <span class='ocrx_word' id='word_1_130' title='bbox 537 1298 683 1341; x_wconf 85' lang='lat' dir='ltr'><strong>studio</strong></span> <span class='ocrx_word' id='word_1_131' title='bbox 720 1298 965 1354; x_wconf 86' lang='lat' dir='ltr'><strong>deducunt,</strong></span> <span class='ocrx_word' id='word_1_132' title='bbox 993 1314 1087 1357; x_wconf 86' lang='lat' dir='ltr'><strong>quae</strong></span> <span class='ocrx_word' id='word_1_133' title='bbox 1111 1297 1167 1339; x_wconf 89' lang='lat' dir='ltr'><strong>ad</strong></span> <span class='ocrx_word' id='word_1_134' title='bbox 1198 1312 1321 1355; x_wconf 88' lang='lat' dir='ltr'><strong>egre·</strong></span> 
     </span>
     <span class='ocr_line' id='line_1_22' title="bbox 103 1365 1321 1426; baseline -0.003 -16"><span class='ocrx_word' id='word_1_135' title='bbox 103 1367 196 1426; x_wconf 85' lang='lat' dir='ltr'><strong>gios</strong></span> <span class='ocrx_word' id='word_1_136' title='bbox 229 1382 371 1410; x_wconf 90' lang='lat' dir='ltr'><strong>mores</strong></span> <span class='ocrx_word' id='word_1_137' title='bbox 409 1378 452 1409; x_wconf 90' lang='lat' dir='ltr'><strong>et</strong></span> <span class='ocrx_word' id='word_1_138' title='bbox 478 1365 532 1408; x_wconf 88' lang='lat' dir='ltr'><strong>ad</strong></span> <span class='ocrx_word' id='word_1_139' title='bbox 565 1366 841 1409; x_wconf 84' lang='lat' dir='ltr'><strong>excellentem</strong></span> <span class='ocrx_word' id='word_1_140' title='bbox 889 1381 1144 1424; x_wconf 88' lang='lat' dir='ltr'><strong>magnarum</strong></span> <span class='ocrx_word' id='word_1_141' title='bbox 1175 1380 1321 1407; x_wconf 90' lang='lat' dir='ltr'><strong>rerum</strong></span> 
     </span>
     <span class='ocr_line' id='line_1_23' title="bbox 103 1431 1319 1492; baseline -0.003 -14"><span class='ocrx_word' id='word_1_142' title='bbox 103 1433 383 1492; x_wconf 86' lang='lat' dir='ltr'><strong>cupiditatem</strong></span> <span class='ocrx_word' id='word_1_143' title='bbox 406 1444 588 1491; x_wconf 83' lang='lat' dir='ltr'><strong>vocant3</strong></span> <span class='ocrx_word' id='word_1_144' title='bbox 612 1434 821 1475; x_wconf 87' lang='lat' dir='ltr'><strong>suavitem</strong></span> <span class='ocrx_word' id='word_1_145' title='bbox 842 1435 948 1475; x_wconf 79' lang='lat' dir='ltr'><strong>vero</strong></span> <span class='ocrx_word' id='word_1_146' title='bbox 967 1432 1088 1474; x_wconf 79' lang='lat' dir='ltr'><strong>facile</strong></span> <span class='ocrx_word' id='word_1_147' title='bbox 1110 1431 1181 1472; x_wconf 88' lang='lat' dir='ltr'><strong>illa</strong></span> <span class='ocrx_word' id='word_1_148' title='bbox 1198 1431 1319 1474; x_wconf 88' lang='lat' dir='ltr'><strong>inve·</strong></span> 
     </span>
     <span class='ocr_line' id='line_1_24' title="bbox 104 1499 1386 1558; baseline -0.002 -14"><span class='ocrx_word' id='word_1_149' title='bbox 104 1501 193 1544; x_wconf 89' lang='lat' dir='ltr'><strong>niat</strong></span> <span class='ocrx_word' id='word_1_150' title='bbox 205 1500 517 1555; x_wconf 84' lang='lat' dir='ltr'><strong>incredibilem,</strong></span> <span class='ocrx_word' id='word_1_151' title='bbox 534 1499 634 1542; x_wconf 77' lang='lat' dir='ltr'><strong>cum</strong></span> <span class='ocrx_word' id='word_1_152' title='bbox 647 1500 825 1542; x_wconf 89' lang='lat' dir='ltr'><strong>vocibus</strong></span> <span class='ocrx_word' id='word_1_153' title='bbox 838 1500 1054 1558; x_wconf 72' lang='lat' dir='ltr'><strong>aptissime</strong></span> <span class='ocrx_word' id='word_1_154' title='bbox 1072 1510 1323 1542; x_wconf 85' lang='lat' dir='ltr'><strong>constructa</strong></span> <span class='ocrx_word' id='word_1_155' title='bbox 1382 1532 1386 1535; x_wconf 84' lang='lat'>.</span> 
     </span>
     <span class='ocr_line' id='line_1_25' title="bbox 108 1567 1323 1621; baseline -0.001 -12"><span class='ocrx_word' id='word_1_156' title='bbox 108 1568 198 1620; x_wconf 87' lang='lat' dir='ltr'><strong>ejus</strong></span> <span class='ocrx_word' id='word_1_157' title='bbox 219 1569 379 1621; x_wconf 80' lang='lat' dir='ltr'><strong>oratio,</strong></span> <span class='ocrx_word' id='word_1_158' title='bbox 408 1578 498 1620; x_wconf 85' lang='lat' dir='ltr'><strong>tot,</strong></span> <span class='ocrx_word' id='word_1_159' title='bbox 532 1582 582 1608; x_wconf 91' lang='lat' dir='ltr'><strong>ac</strong></span> <span class='ocrx_word' id='word_1_160' title='bbox 609 1569 695 1609; x_wconf 74' lang='lat' dir='ltr'><strong>tam</strong></span> <span class='ocrx_word' id='word_1_161' title='bbox 714 1567 875 1621; x_wconf 81' lang='lat' dir='ltr'><strong>varias,</strong></span> <span class='ocrx_word' id='word_1_162' title='bbox 898 1569 1212 1621; x_wconf 47' lang='lat' dir='ltr'><strong>tamtamoenaQ</strong></span> <span class='ocrx_word' id='word_1_163' title='bbox 1235 1569 1323 1608; x_wconf 75' lang='lat' dir='ltr'><strong>tam</strong></span> 
     </span>
     <span class='ocr_line' id='line_1_26' title="bbox 107 1632 1324 1690; baseline -0.001 -15"><span class='ocrx_word' id='word_1_164' title='bbox 107 1632 355 1676; x_wconf 87' lang='lat' dir='ltr'><strong>indelebiles</strong></span> <span class='ocrx_word' id='word_1_165' title='bbox 386 1632 580 1676; x_wconf 87' lang='lat' dir='ltr'><strong>infundit</strong></span> <span class='ocrx_word' id='word_1_166' title='bbox 605 1648 654 1675; x_wconf 91' lang='lat' dir='ltr'><strong>ac</strong></span> <span class='ocrx_word' id='word_1_167' title='bbox 685 1633 893 1690; x_wconf 89' lang='lat' dir='ltr'><strong>relinquit</strong></span> <span class='ocrx_word' id='word_1_168' title='bbox 918 1633 964 1674; x_wconf 86' lang='lat' dir='ltr'><strong>in</strong></span> <span class='ocrx_word' id='word_1_169' title='bbox 995 1634 1146 1675; x_wconf 88' lang='lat' dir='ltr'><strong>animis</strong></span> <span class='ocrx_word' id='word_1_170' title='bbox 1177 1648 1324 1675; x_wconf 89' lang='lat' dir='ltr'><strong>rerum</strong></span> 
     </span>
     <span class='ocr_line' id='line_1_27' title="bbox 108 1699 1323 1760; baseline -0.001 -17"><span class='ocrx_word' id='word_1_171' title='bbox 108 1701 336 1760; x_wconf 86' lang='lat' dir='ltr'><strong>imagines!</strong></span> <span class='ocrx_word' id='word_1_172' title='bbox 370 1702 430 1742; x_wconf 88' lang='lat' dir='ltr'><strong>Ut</strong></span> <span class='ocrx_word' id='word_1_173' title='bbox 462 1715 552 1742; x_wconf 93' lang='lat' dir='ltr'><strong>uno</strong></span> <span class='ocrx_word' id='word_1_174' title='bbox 592 1699 959 1760; x_wconf 86' lang='lat' dir='ltr'><strong>comprehendam</strong></span> <span class='ocrx_word' id='word_1_175' title='bbox 988 1701 1122 1743; x_wconf 86' lang='lat' dir='ltr'><strong>verbo</strong></span> <span class='ocrx_word' id='word_1_176' title='bbox 1157 1701 1323 1758; x_wconf 83' lang='lat' dir='ltr'><strong>(sentio</strong></span> 
     </span>
     <span class='ocr_line' id='line_1_28' title="bbox 110 1766 1322 1826; baseline 0 -16"><span class='ocrx_word' id='word_1_177' title='bbox 110 1769 224 1811; x_wconf 84' lang='lat' dir='ltr'><strong>enim</strong></span> <span class='ocrx_word' id='word_1_178' title='bbox 242 1768 334 1810; x_wconf 84' lang='lat' dir='ltr'><strong>vela</strong></span> <span class='ocrx_word' id='word_1_179' title='bbox 354 1766 651 1811; x_wconf 80' lang='lat' dir='ltr'><strong>contrahenda</strong></span> <span class='ocrx_word' id='word_1_180' title='bbox 675 1767 792 1826; x_wconf 88' lang='lat' dir='ltr'><strong>esse)</strong></span> <span class='ocrx_word' id='word_1_181' title='bbox 821 1769 963 1825; x_wconf 90' lang='lat' dir='ltr'><strong>poesis</strong></span> <span class='ocrx_word' id='word_1_182' title='bbox 987 1769 1076 1820; x_wconf 90' lang='lat' dir='ltr'><strong>ejus</strong></span> <span class='ocrx_word' id='word_1_183' title='bbox 1104 1768 1322 1826; x_wconf 87' lang='lat' dir='ltr'><strong>perfectus</strong></span> 
     </span>
     <span class='ocr_line' id='line_1_29' title="bbox 111 1834 1326 1893; baseline -0.001 -17"><span class='ocrx_word' id='word_1_184' title='bbox 111 1834 287 1893; x_wconf 87' lang='lat' dir='ltr'><strong>quidam</strong></span> <span class='ocrx_word' id='word_1_185' title='bbox 327 1848 535 1875; x_wconf 88' lang='lat' dir='ltr'><strong>numerus</strong></span> <span class='ocrx_word' id='word_1_186' title='bbox 572 1845 647 1875; x_wconf 88' lang='lat' dir='ltr'><strong>est.</strong></span> <span class='ocrx_word' id='word_1_187' title='bbox 696 1835 915 1877; x_wconf 90' lang='lat' dir='ltr'><strong>Numerus</strong></span> <span class='ocrx_word' id='word_1_188' title='bbox 950 1836 1082 1892; x_wconf 76' lang='lat' dir='ltr'><strong>porro</strong></span> <span class='ocrx_word' id='word_1_189' title='bbox 1114 1834 1183 1876; x_wconf 89' lang='lat' dir='ltr'><strong>ille</strong></span> <span class='ocrx_word' id='word_1_190' title='bbox 1217 1835 1326 1877; x_wconf 92' lang='lat' dir='ltr'><strong>nihil</strong></span> 
     </span>
     <span class='ocr_line' id='line_1_30' title="bbox 110 1900 1328 1960; baseline 0 -17"><span class='ocrx_word' id='word_1_191' title='bbox 110 1900 228 1943; x_wconf 82' lang='lat' dir='ltr'><strong>aliud</strong></span> <span class='ocrx_word' id='word_1_192' title='bbox 247 1903 376 1960; x_wconf 75' lang='lat' dir='ltr'><strong>quam</strong></span> <span class='ocrx_word' id='word_1_193' title='bbox 398 1900 657 1957; x_wconf 84' lang='lat' dir='ltr'><strong>optimarum</strong></span> <span class='ocrx_word' id='word_1_194' title='bbox 677 1902 987 1958; x_wconf 84' lang='lat' dir='ltr'><strong>cogitationum</strong></span> <span class='ocrx_word' id='word_1_195' title='bbox 1001 1900 1111 1943; x_wconf 89' lang='lat' dir='ltr'><strong>ordo</strong></span> <span class='ocrx_word' id='word_1_196' title='bbox 1127 1901 1328 1959; x_wconf 89' lang='lat' dir='ltr'><strong>pulcher-</strong></span> 
     </span>
     <span class='ocr_line' id='line_1_31' title="bbox 109 1967 1207 2026; baseline 0.001 -16"><span class='ocrx_word' id='word_1_197' title='bbox 109 1969 263 2022; x_wconf 79' lang='lat' dir='ltr'><strong>rimus3</strong></span> <span class='ocrx_word' id='word_1_198' title='bbox 282 1967 446 2010; x_wconf 89' lang='lat' dir='ltr'><strong>ordinis</strong></span> <span class='ocrx_word' id='word_1_199' title='bbox 473 1969 616 2010; x_wconf 74' lang='lat' dir='ltr'><strong>autem</strong></span> <span class='ocrx_word' id='word_1_200' title='bbox 636 1969 896 2026; x_wconf 83' lang='lat' dir='ltr'><strong>principium</strong></span> <span class='ocrx_word' id='word_1_201' title='bbox 915 1971 939 2010; x_wconf 72' lang='grc' dir='ltr'><strong>ἐι</strong></span> <span class='ocrx_word' id='word_1_202' title='bbox 962 1970 1056 2010; x_wconf 90' lang='lat' dir='ltr'><strong>Deo</strong></span> <span class='ocrx_word' id='word_1_203' title='bbox 1073 1967 1207 2011; x_wconf 81' lang='lat' dir='ltr'><strong>fluxit.</strong></span> 
     </span>
    </p>

    <p class='ocr_par' dir='ltr' id='par_1_4' title="bbox 110 2035 1329 2295">
     <span class='ocr_line' id='line_1_32' title="bbox 151 2035 1328 2093; baseline 0.002 -16"><span class='ocrx_word' id='word_1_204' title='bbox 151 2054 153 2058; x_wconf 56' lang='lat'><em>⁴</em></span> <span class='ocrx_word' id='word_1_205' title='bbox 168 2037 287 2078; x_wconf 87' lang='lat' dir='ltr'><strong>Inest</strong></span> <span class='ocrx_word' id='word_1_206' title='bbox 300 2037 402 2093; x_wconf 82' lang='lat' dir='ltr'><strong>ergo</strong></span> <span class='ocrx_word' id='word_1_207' title='bbox 420 2045 558 2092; x_wconf 85' lang='lat' dir='ltr'><strong>poetae</strong></span> <span class='ocrx_word' id='word_1_208' title='bbox 575 2046 726 2076; x_wconf 88' lang='lat' dir='ltr'><strong>nostro</strong></span> <span class='ocrx_word' id='word_1_209' title='bbox 743 2035 938 2092; x_wconf 77' lang='lat' dir='ltr'><strong>quaedam</strong></span> <span class='ocrx_word' id='word_1_210' title='bbox 954 2035 1173 2090; x_wconf 85' lang='lat' dir='ltr'><strong>divinitas,</strong></span> <span class='ocrx_word' id='word_1_211' title='bbox 1191 2037 1328 2079; x_wconf 89' lang='lat' dir='ltr'><strong>illum-</strong></span> 
     </span>
     <span class='ocr_line' id='line_1_33' title="bbox 111 2100 1327 2161; baseline 0.002 -18"><span class='ocrx_word' id='word_1_212' title='bbox 111 2116 196 2160; x_wconf 77' lang='lat' dir='ltr'><strong>que</strong></span> <span class='ocrx_word' id='word_1_213' title='bbox 227 2117 278 2143; x_wconf 88' lang='lat' dir='ltr'><strong>eo</strong></span> <span class='ocrx_word' id='word_1_214' title='bbox 307 2102 478 2143; x_wconf 91' lang='lat' dir='ltr'><strong>honore</strong></span> <span class='ocrx_word' id='word_1_215' title='bbox 510 2116 559 2142; x_wconf 80' lang='lat' dir='ltr'><strong>ac</strong></span> <span class='ocrx_word' id='word_1_216' title='bbox 596 2101 736 2158; x_wconf 84' lang='lat' dir='ltr'><strong>pretio</strong></span> <span class='ocrx_word' id='word_1_217' title='bbox 769 2100 949 2160; x_wconf 83' lang='lat' dir='ltr'><strong>dignum</strong></span> <span class='ocrx_word' id='word_1_218' title='bbox 981 2102 1214 2157; x_wconf 90' lang='lat' dir='ltr'><strong>judicabit,</strong></span> <span class='ocrx_word' id='word_1_219' title='bbox 1250 2105 1327 2161; x_wconf 86' lang='lat' dir='ltr'><strong>qui</strong></span> 
     </span>
     <span class='ocr_line' id='line_1_34' title="bbox 111 2166 1327 2227; baseline 0.002 -18"><span class='ocrx_word' id='word_1_220' title='bbox 111 2167 241 2210; x_wconf 87' lang='lat' dir='ltr'><strong>ullam</strong></span> <span class='ocrx_word' id='word_1_221' title='bbox 260 2167 430 2226; x_wconf 83' lang='lat' dir='ltr'><strong>pulchri</strong></span> <span class='ocrx_word' id='word_1_222' title='bbox 453 2166 688 2224; x_wconf 87' lang='lat' dir='ltr'><strong>decorique</strong></span> <span class='ocrx_word' id='word_1_223' title='bbox 713 2168 925 2227; x_wconf 65' lang='lat' dir='ltr'><strong>rationem</strong></span> <span class='ocrx_word' id='word_1_224' title='bbox 942 2169 1023 2211; x_wconf 89' lang='lat' dir='ltr'><strong>sibi</strong></span> <span class='ocrx_word' id='word_1_225' title='bbox 1044 2170 1246 2212; x_wconf 87' lang='lat' dir='ltr'><strong>habuerit</strong></span> <span class='ocrx_word' id='word_1_226' title='bbox 1259 2186 1327 2212; x_wconf 90' lang='lat' dir='ltr'><strong>re-</strong></span> 
     </span>
     <span class='ocr_line' id='line_1_35' title="bbox 110 2234 1329 2295; baseline 0.002 -18"><span class='ocrx_word' id='word_1_227' title='bbox 110 2234 286 2292; x_wconf 87' lang='lat' dir='ltr'><strong>liquam.</strong></span> <span class='ocrx_word' id='word_1_228' title='bbox 315 2234 604 2292; x_wconf 84' lang='lat' dir='ltr'><strong>Hieronymus</strong></span> <span class='ocrx_word' id='word_1_229' title='bbox 627 2236 743 2278; x_wconf 72' lang='lat' dir='ltr'><strong>certe</strong></span> <span class='ocrx_word' id='word_1_230' title='bbox 771 2235 878 2277; x_wconf 84' lang='lat' dir='ltr'><strong>nihil</strong></span> <span class='ocrx_word' id='word_1_231' title='bbox 901 2237 1062 2279; x_wconf 85' lang='lat' dir='ltr'><strong>veritus</strong></span> <span class='ocrx_word' id='word_1_232' title='bbox 1093 2248 1156 2279; x_wconf 83' lang='lat' dir='ltr'><strong>est</strong></span> <span class='ocrx_word' id='word_1_233' title='bbox 1187 2238 1329 2295; x_wconf 86' lang='lat' dir='ltr'><strong>ipsum</strong></span> 
     </span>
    </p>
   </div>
  </div>
 </body>
</html>
