1422 2528
171 137 236 173 164

561 143 602 183 Q.
626 142 805 174 nomm
829 143 979 176 umet

274 195 438 235 Phoebus
450 226 460 245 ,
475 209 730 250 acceptusque
745 214 883 240 novem
900 203 1104 250 camoenis,

278 256 355 302 Qui
374 258 532 296 salutari
550 259 650 296 levat
662 269 742 297 arte
763 260 882 300 fessos

416 366 420 370 ὁ
435 313 617 368 Corpori‘s
637 328 741 358 artus
752 347 762 366 ,

276 376 318 413 Si
329 377 514 415 Palatinas
530 379 633 415 videt
651 382 780 429 aequus
794 393 916 428 arces,
1020 395 1025 398 ·
1324 389 1355 414 6⁵

274 438 446 486 Remque
463 439 672 476 Romanam
692 439 919 489 Latiumque
939 438 1031 477 felix

276 496 448 535 Alterum
465 498 503 534 in
525 498 683 535 lustrum
695 527 705 545 ‚
721 500 932 549 meliusque
945 502 1094 550 semper

484 561 667 608 Proroget
686 572 819 597 aevum.

274 617 445 666 Quaeque
461 618 694 655 Aventinum
711 626 812 656 tenet
827 618 1080 669 Algidumque
1099 618 1145 666 ¹3,

275 676 501 722 Quindecim
516 678 639 714 Diana
654 692 785 728 preces
801 679 979 717 virorum«
1324 697 1355 722 τε·

273 738 407 783 Curet,
425 747 462 774 et
478 738 574 774 votis
591 751 797 787 puerorum
816 739 953 776 amicas

485 798 663 847 Applicet
678 810 800 834 aures·

275 857 365 892 Haec
381 859 514 893 Jovem
528 857 686 903 sentire,
708 860 886 907 Deosque
900 866 1055 895 cunctos
1076 860 1101 888 ‘⁴'
1117 885 1127 903 ‚

274 915 389 964 Spem
405 914 542 953 bonam
563 924 779 967 certamque
797 916 950 954 domum
965 925 1138 966 reporto,

166 1109 231 1151 phe
248 1110 512 1152 agglomerantur.
529 1114 642 1154 Augur·
657 1113 732 1144 dici-

169 1163 233 1194 tur,
255 1158 313 1197 qui
333 1158 369 1186 in
389 1158 490 1195 Delo,
511 1160 545 1188 in
565 1159 678 1200 Lycia,
703 1167 733 1190 et

167 1204 203 1232 in
218 1203 326 1233 multis
341 1203 409 1233 aliis
426 1204 505 1234 locis
519 1206 646 1236 oracula
661 1206 733 1235 fun-

169 1243 293 1287 debat?
299 1248 451 1291 fulgente
483 1251 615 1281 decorus
637 1263 731 1289 arcu,

166 1296 224 1336 qui
246 1295 446 1326 metuendam
468 1298 504 1327 in
525 1305 683 1335 monstra,
698 1299 731 1328 in

165 1341 272 1372 hostes
312 1341 374 1371 sibi
407 1343 548 1373 infensos
575 1344 731 1374 ultionem

165 1388 284 1429 sagittis
299 1388 391 1426 toties
406 1396 610 1428 exercuerat3
623 1401 732 1430 accep-

166 1442 215 1464 tus
248 1444 358 1464 novem
388 1435 568 1472 Camoenis,
594 1447 731 1476 quarum

165 1480 271 1510 choris
293 1487 326 1510 et
355 1482 501 1511 cantibus
523 1483 730 1523 praesidebat,

163 1526 249 1556 idem
261 1527 337 1557 artis
351 1527 500 1558 medendi
509 1529 727 1568 peritissimae.

165 1573 283 1603 Confer
323 1583 396 1612 quae
432 1574 471 1603 de
503 1576 606 1614 seipso
635 1576 732 1613 jactat

163 1619 301 1660 Apollo,
325 1618 403 1648 dum
419 1620 577 1660 Daphnen
590 1621 731 1661 insequi-

163 1672 228 1703 tur,
241 1665 338 1696 Ovid.
351 1666 481 1696 Metam.
496 1668 510 1695 I
521 1689 529 1702 ,
545 1667 609 1696 515
620 1674 650 1696 et
661 1678 728 1707 sqq.

163 1729 209 1734 —
236 1710 410 1741 Palatinas
435 1723 524 1742 arces
541 1723 552 1742 .·
569 1724 609 1742 ex
625 1713 732 1742 indus-

163 1755 224 1787 tria
249 1759 400 1795 Romam,
433 1769 499 1788 non
522 1769 579 1798 per
606 1760 730 1799 Capito-

150 1803 240 1833 'lium
253 1825 262 1840 ,
285 1810 322 1833 ut
346 1804 479 1845 semper,
506 1804 560 1834 scd
575 1816 632 1845 per
652 1811 729 1835 tem-

163 1850 253 1890 plum
277 1850 423 1890 Apollini
450 1851 488 1880 ab
513 1851 662 1892 Augusto
682 1862 729 1881 sa-

157 1902 304 1932 -cratum,
329 1895 496 1938 significat.
523 1914 570 1920 —
589 1899 729 1937 Remque

162 1943 343 1972 Romanam
367 1954 378 1972 .·
396 1943 453 1972 has
471 1953 564 1974 voces
587 1942 603 1973 a
630 1944 729 1974 verbo

162 1989 326 2029 sequenti,
341 1996 508 2030 proroget,
528 2000 595 2020 non
616 1988 634 2019 a
654 2000 730 2030 prae-

163 2033 308 2072 cedenti,
331 2034 440 2071 videt,
468 2037 534 2076 regi
569 2036 640 2066 luce
665 2036 729 2065 cla—

160 2082 227 2110 rius
241 2087 297 2110 est.
316 2082 432 2111 Sensus
447 2089 454 2111 :
469 2082 495 2111 si
508 2082 625 2122 Apollo
642 2081 727 2111 videt

157 2136 288 2167 -aequus,
319 2125 352 2157 h.
386 2137 414 2158 e.
447 2137 554 2167 aequo,
587 2125 726 2168 benigno

159 2172 279 2202 lumine
294 2171 402 2214 ‚h'occe
428 2174 580 2214 templum
604 2175 639 2203 in
663 2184 727 2214 quo

155 2218 265 2253 laudes
284 2218 350 2257 ejus
373 2220 594 2258 concinimus,
617 2220 728 2261 digne-

788 1121 839 1144 tur
846 1124 1017 1155 prorogare
1024 1114 1058 1144 in
1066 1112 1199 1144 alterum
1205 1113 1351 1155 lustrum,

786 1168 818 1190 et
835 1162 870 1190 in
885 1171 989 1191 aevum
1007 1159 1130 1200 semper
1151 1161 1265 1190 melius
1291 1164 1349 1192 Rei

787 1209 954 1243 Romanae,
978 1206 1120 1246 Latiique
1155 1205 1350 1239 felicitatem!

786 1251 858 1283 Jam
876 1253 972 1289 vero,
991 1252 1140 1289 lustrum,
1166 1262 1226 1293 pro
1245 1254 1350 1294 quoli-

786 1298 841 1328 bet
861 1299 923 1329 alio
947 1291 1108 1339 temporis·
1122 1299 1245 1339 spatio,
1274 1301 1350 1329 acci-

784 1344 952 1384 piendum,
971 1351 1003 1374 et
1015 1355 1073 1385 per
1097 1354 1208 1374 vocem
1226 1355 1345 1382 oevum,

785 1401 858 1421 cum
880 1389 943 1432 qua
964 1391 1180 1432 conjungitur,
1193 1393 1349 1432 interpre-

784 1437 927 1467 tandum.
966 1436 1087 1466 Gallice
1125 1436 1301 1467 diceremus
1337 1448 1347 1469 :

784 1482 926 1513 d’anne'e
935 1493 975 1512 en
985 1481 1104 1519 αηηέο,
1118 1480 1215 1524 d’tige
1225 1493 1265 1513 en
1274 1481 1346 1525 Ege.

834 1531 886 1559 13.
902 1530 1042 1569 Quoeque
1059 1529 1253 1559 Aventinum
1266 1536 1350 1559 tenet

778 1575 1002 1616 ‘Algidumque
1019 1585 1031 1604 .·
1053 1575 1089 1604 in
1112 1582 1220 1605 monte
1243 1575 1348 1606 Aven—

783 1622 853 1651 tino
869 1628 900 1650 et
916 1623 950 1650 in
961 1620 1078 1662 Algido
1086 1643 1097 1658 ,
1115 1621 1211 1652 altero
1221 1628 1346 1659 monte,

783 1669 894 1698 Romae
916 1667 1034 1704 vicino,
1042 1666 1135 1705 juxta
1167 1668 1252 1697 viam
1275 1668 1347 1710 gip-

783 1714 884 1753 piam,
914 1713 1014 1743 Diana
1041 1713 1202 1753 praecipue
1226 1713 1347 1744 coleba-

783 1765 846 1790 tur.
863 1759 981 1791 Confer
996 1758 1106 1800 supra,
1121 1758 1182 1790 Od.
1195 1762 1229 1797 1,
1243 1769 1297 1798 ax,
1311 1760 1342 1790 6.

782 1822 828 1828 -—
847 1803 1032 1845 Quindecim
1048 1804 1192 1835 virorum
1219 1816 1231 1835 .·
1256 1806 1346 1846 quin-

782 1851 884 1881 decim
917 1851 1002 1881 enim
1041 1851 1135 1888 viris,
1169 1852 1227 1892 qui
1254 1851 1346 1882 libris

782 1897 946 1938 Sibyllinis
973 1903 1146 1938 praeerant,
1179 1898 1346 1938 singulaiis

782 1953 944 1973 sacrorum
987 1943 1185 1972 saecnlarium
1216 1942 1345 1974 deman-

783 1989 852 2019 data
876 1990 938 2019 fuit
955 1999 1028 2019 cura
1047 1995 1078 2018 et
1102 1988 1343 2020 administratio.

819 2041 883 2074 (14.
896 2037 975 2066 Haec
983 2037 1091 2065 Iovem
1104 2034 1231 2072 sentire,
1244 2037 1344 2066 Deos-

780 2076 840 2122 que
855 2089 983 2111 mmctos
1013 2092 1024 2111 :
1043 2080 1095 2110 hic
1127 2087 1174 2111 est
1197 2082 1344 2113 carminis

779 2128 937 2158 saecularis
969 2127 1059 2168 qnasi
1098 2126 1260 2167 epilogus,
1303 2127 1343 2157 ab

780 2180 918 2213 utroque
948 2173 1066 2210 choro,
1091 2179 1127 2203 ut
1150 2173 1266 2214 liquet,
1290 2173 1343 2205 de-

780 2226 932 2251 cantatus.
953 2221 1065 2251 Jovem
1088 2225 1119 2249 et
1138 2228 1247 2250 omnes
1268 2218 1343 2250 deos
