1422 2528
286 51 290 53 ·
305 38 324 69 -5

404 0 595 20 *rave-*ww*
647 2 651 3 ⁷

506 135 586 168 Lm.
610 135 628 166 1
651 136 832 180 sarm&
839 111 933 169 vm.

1264 141 1328 173 251

110 201 251 239 Maluit
265 210 348 254 esee
359 199 501 254 ⁴vReum.
519 199 627 236 Deus
642 197 734 235 inde
754 211 844 250 ego,
866 199 997 238 surum
1012 200 1222 252 aviumque

109 262 280 300 Maxima
299 259 482 298 formido.
498 261 599 298 Nam
612 259 718 298 fures
734 259 872 298 dextra
886 269 1041 317 coercet
1060 269 1087 310 ²,

108 323 370 374 Obscenoque
382 320 504 360 ruber
522 329 728 372 porrectus
744 321 795 360 ab
816 322 974 373 inguine
989 324 1122 375 palus;
1314 335 1329 359 ⁵

107 387 179 424 Ast
190 385 435 437 importunas
449 383 629 421 volucres
647 383 685 420 in
699 383 847 421 vertice
866 383 1018 422 arundo

107 450 246 485 Terret
257 446 353 493 fixa,
371 453 556 496 vetatque
576 445 693 482 novis
711 445 914 483 considere
927 446 968 483 in
984 445 1119 484 hortis.

108 511 197 547 Huc
211 508 321 560 prius
335 507 505 558 angustis
523 507 647 558 ejecta
662 506 854 545 cadavera
870 507 976 545 cellis
992 507 1008 530 ³

107 572 328 609 Conservus
341 569 410 607 vili
423 568 619 619 portanda
638 567 794 605 locabat
818 569 858 606 in
877 570 978 607 arca.

106 632 194 668 Hoc
209 630 360 668 miserae
375 629 481 681 plebi
494 628 622 668 stabat
641 641 847 667 commune
867 629 1089 680 sepulcrum
1100 660 1111 678 ‚
1298 647 1327 663 ιο

105 689 319 729 Pantolabo
333 703 497 740 scurrae,
516 693 843 741 Nomentanoque
864 690 1011 742 nepoti.

104 752 213 792 Mille
226 753 347 805 pedes
358 753 398 791 in
413 753 541 791 fronte
553 784 562 802 ‚
584 760 779 791 trecentos
799 752 938 804 cippus
952 753 992 790 in
1011 766 1148 804 agrum

101 938 190 970 bulae
216 938 272 968 cui
289 938 403 968 titulus
424 947 432 968 ε
461 939 506 968 Le
525 937 682 968 seaeuaire

104 993 137 1016 et
153 985 189 1016 Ia
203 992 311 1015 statue
325 985 367 1015 de
383 984 522 1025 Jupiter,
539 985 597 1016 lib.
614 987 662 1016 IX
672 1007 681 1022 ‚

102 1032 169 1071 fab.
184 1033 225 1064 6:
244 1031 435 1074 Qu'eufixra
446 1055 456 1069 ,
479 1031 583 1068 die-il,
605 1042 683 1062 mon

103 1079 214 1111 ciseau
225 1083 244 1110 θ
260 1078 408 1110 Sera-t-il
423 1079 515 1118 dieu,
533 1079 620 1110 table
641 1090 683 1110 οιι

103 1131 253 1159 ouvecee?
262 1127 294 1158 Il
303 1137 378 1157 sera
391 1126 478 1158 dieu.

149 1185 182 1207 a.
193 1175 284 1207 Νὰηι
292 1173 384 1215 fieres
400 1174 520 1205 dextra
533 1180 659 1204 coercet
668 1184 681 1204 .·

99 1222 181 1254 falco
210 1220 319 1265 lignea
341 1232 440 1263 quam
466 1231 567 1252 manu
592 1232 681 1263 gere-

98 1270 171 1308 bnt,
208 1268 340 1312 quaque
374 1269 505 1300 furibus
540 1276 680 1299 mortem

97 1318 259 1349 intentare
268 1316 452 1348 videbatur.
463 1333 512 1341 -
523 1316 682 1347 Obsceno-

98 1375 162 1407 qne
179 1364 275 1395 ruber
288 1370 457 1405 porrectus
476 1363 518 1394 ab
544 1362 680 1405 inguine

95 1413 194 1454 palus
205 1422 219 1442 .“
233 1412 326 1453 penis
336 1434 346 1449 ‚
367 1412 425 1452 qui
447 1411 558 1441 colore
574 1410 678 1442 rubro

97 1459 140 1490 ad
169 1458 434 1501 distinguendam
465 1459 678 1500 insigniorem

96 1508 190 1540 istius
205 1506 258 1537 dei
273 1513 399 1548 partem
420 1513 452 1536 et
473 1505 513 1536 ad
531 1505 676 1536 allicien-

97 1554 157 1586 dos
172 1554 288 1585 oculos
308 1553 530 1591 imbuebatur,
545 1553 597 1583 vel
615 1563 673 1583 cu-

93 1603 147 1642 jus
162 1601 288 1644 glandis
302 1602 484 1638 summitas,
511 1599 553 1630 ad
573 1601 676 1630 imita-

95 1650 220 1681 tionem
242 1655 368 1680 naturae
391 1648 569 1679 ridiculum
592 1647 676 1678 illud

96 1703 327 1728 ornamentum
338 1696 529 1737 accipiebat.
544 1712 591 1720 --
604 1696 674 1735 No-

96 1744 142 1776 vis
167 1743 266 1775 hortis
290 1754 302 1773 .·
331 1743 437 1784 nuper
459 1742 478 1773 a
497 1743 675 1774 Maecenate

94 1792 204 1829 factis,
224 1789 284 1833 qui
303 1797 427 1832 partem
442 1789 672 1831 Exquiliarum

95 1840 184 1877 emit,
196 1833 394 1880 repurgavit,
409 1845 441 1868 et
452 1837 672 1878 sepulcretum

93 1888 130 1918 in
154 1887 268 1918 hortos
295 1886 434 1915 mutavit
470 1883 673 1926 magnificos.

144 1935 175 1966 3.
202 1932 360 1976 Augustis
382 1931 487 1974 ejecta
506 1931 673 1962 cadauera

94 1981 188 2013 cellis
200 1992 213 2012 .·
228 1976 384 2019 cadavega
399 1989 582 2021 pauperum
595 1981 672 2021 qui,

94 2028 174 2060 dum
195 2030 364 2066 viverent,
386 2033 520 2068 angusta
547 2027 675 2058 concla-

96 2078 147 2107 via
177 2075 385 2112 habitabant,
409 2074 427 2105 ὸ
449 2074 574 2115 quibus
599 2074 674 2116 post

95 2131 241 2156 mortem-
257 2124 327 2154 sine
346 2122 474 2153 honore
493 2121 673 2152 effereban-

95 2179 161 2209 tur,
191 2177 225 2202 et
251 2168 343 2212 quasi
372 2168 593 2212 ejiciebantur.
623 2186 671 2193 —-

95 2218 164 2249 Vile·
179 2216 214 2249 ἰιι
229 2216 309 2249 arcii
321 2229 333 2248 .·
348 2219 384 2248 in
400 2217 459 2247 vili
471 2216 603 2248 feretro.
623 2233 671 2240 -—

93 2265 240 2298 Lon-abac
270 2277 281 2296 .·
323 2264 560 2307 vespillonibus
598 2274 671 2308 por-

736 937 835 967 tanda
868 943 958 968 certo
993 937 1093 968 dabat
1124 940 1244 980 pretio.
1276 958 1323 963 —

737 984 924 1015 Pantolabo
956 995 1076 1016 scurroe
1097 987 1325 1019 Nomentano-

737 1042 800 1073 que
823 1030 936 1072 nepoti
961 1043 973 1062 :
995 1032 1149 1063 Mallium
1173 1034 1323 1065 Pantola-

737 1079 835 1116 bum,
858 1085 891 1109 et
914 1077 1060 1111 Cassium
1080 1081 1322 1113 Nomentanum

737 1133 887 1157 numerat
902 1127 938 1157 in
956 1126 1072 1158 misera
1085 1134 1118 1158 et
1132 1130 1241 1171 egenti
1253 1129 1322 1170 ple-

736 1173 796 1212 be,
828 1173 905 1214 quia
929 1174 1076 1206 fortunas
1106 1185 1222 1206 omnes
1245 1186 1319 1208 suas
1339 1187 1342 1189 ’

735 1221 780 1252 ita
829 1221 1110 1262 dilapidaverant,
1154 1230 1187 1253 et
1222 1234 1318 1255 avaro

734 1269 844 1299 ventri
875 1269 1097 1307 donaverant,
1124 1277 1162 1300 ut
1194 1281 1236 1302 ue
1268 1278 1317 1302 tu—

734 1316 817 1346 muli
834 1316 966 1357 quidem
989 1317 1110 1358 privati
1133 1327 1168 1348 ac
1190 1319 1317 1360 proprii

735 1364 828 1404 copia
853 1365 932 1405 ipsis
963 1363 1167 1406 facultasque
1194 1376 1315 1407 suppe-

733 1417 826 1442 teret.
849 1413 998 1442 Juvmm.
1022 1429 1070 1442 ·—.-
1096 1411 1192 1442 Mille
1211 1413 1315 1454 pedes

731 1456 764 1487 in
784 1457 920 1496 fronte,
954 1466 1117 1489 trecentos
1141 1459 1254 1501 cippus
1277 1460 1314 1490 'in

729 1515 846 1548 agrum
859 1517 870 1536 :
886 1513 955 1536 erat
964 1507 1098 1548 cippus,
1111 1506 1148 1536 id
1163 1513 1212 1538 est
1221 1508 1314 1549 lapis,

731 1560 857 1583 erectus
882 1554 918 1584 in
943 1554 1011 1595 agri
1036 1554 1162 1592 limite,
1185 1555 1221 1585 iu
1246 1565 1314 1597 quo

731 1602 891 1642 scriptum
913 1607 981 1631 erat
1006 1601 1095 1631 mille
1122 1603 1191 1643 agri
1215 1602 1314 1643 pedes

730 1647 824 1679 datos
837 1659 906 1679 esse
915 1648 1046 1691 (nempe
1056 1648 1098 1679 ab
1106 1649 1218 1691 aliquo
1229 1651 1312 1687 cive,

730 1697 787 1737 qui
805 1692 868 1726 hoc
884 1695 1074 1737 sepulcrum
1090 1706 1201 1737 egenae
1223 1696 1314 1739 plebi

730 1749 926 1774 testamento
937 1743 1128 1784 reliquerat)
1139 1745 1174 1774 in
1183 1743 1293 1775 fronte
1302 1768 1311 1783 ,

727 1790 764 1820 id
775 1791 879 1829 est,‚in
889 1789 927 1821 ea
938 1797 1030 1832 parte
1042 1792 1127 1833 agri,
1137 1801 1211 1832 quae
1225 1792 1311 1822 viam

727 1837 897 1880 tangebat3
940 1838 1021 1868 alios
1065 1845 1230 1869 trecentos
1274 1839 1311 1870 in

729 1896 861 1927 agrum,
877 1885 912 1915 id
933 1893 1000 1924 est,
1020 1886 1056 1916 in
1081 1887 1150 1928 agri
1167 1885 1311 1927 longitu-

728 1932 856 1970 dinem,
871 1939 903 1962 et
917 1932 1166 1975 amplitudinem
1179 1932 1310 1975 campo·

727 1991 803 2010 rum
820 1986 982 2012 extensos.
1006 1979 1083 2011 Ideo
1107 1981 1226 2022 cippus
1241 1987 1309 2011 erat

726 2029 872 2069 positus,
893 2035 931 2058 ut
952 2027 1098 2058 haeredes
1115 2027 1180 2058 hoc
1197 2027 1307 2070 sepul—

724 2078 852 2106 eretum
870 2075 1093 2118 intelligerent
1116 2074 1156 2105 ad
1183 2085 1218 2105 ae
1237 2085 1307 2106 non

725 2123 905 2164 pertinere;
925 2129 964 2153 ut
983 2129 1067 2153 esset
1084 2122 1252 2153 divulsum
1274 2128 1307 2152 et

724 2177 900 2211 exceptum
916 2170 956 2200 ab
971 2167 1097 2211 reliqua
1106 2168 1304 2200 haereditate.

725 2216 867 2258 Quando
901 2217 1011 2248 locum
1051 2217 1212 2258 aliquem,
1253 2215 1305 2246 vel

724 2274 793 2295 rem
829 2265 924 2295 aliam
937 2288 946 2304 ,
980 2264 1114 2308 publice
1137 2262 1308 2305 legebant,
