1422 2528
166 110 227 144 ηε,
545 109 585 149 o.
610 108 790 140 nomm
813 110 960 143 FLAccx

265 169 441 214 Aquosus
459 165 582 201 Eurus
600 176 691 201 arva
705 165 811 202 radat
828 166 1030 212 imbribus,

161 225 319 275 Pinguia
334 237 402 260 nec
418 222 526 260 siccis
543 231 703 260 urantur
719 225 860 262 semina
882 225 1021 276 glebis,
1311 238 1343 263 ⁶5

265 285 479 332 Utrumque
499 295 586 332 rege
603 291 835 333 temperante
853 286 1030 324 coelitum.

158 349 244 384 Non
263 345 338 381 huc
353 347 480 392 Argoo
494 341 688 380 contendit
706 345 846 394 remige
861 345 972 395 pinus
985 347 1012 375 ¹4
1022 373 1033 391 ,

263 406 396 452 Neque
409 402 601 451 impudica
618 402 769 440 Colchis
781 402 907 442 intulit
921 404 1076 454 pedem

156 469 243 503 Non
260 465 337 501 hnc
352 462 497 500 Sidonii
518 470 708 500 torserunt
723 475 865 501 cornua
881 473 1025 511 nautae,

260 522 470 561 Laboriosa
484 533 554 558 nec
572 520 709 558 cohors
725 522 886 572 Ulyssei'.
1119 553 1137 566 ,
1307 533 1339 557 a..

155 584 267 622 Nulla
283 590 422 619 nocent
441 581 570 630 pecori
588 581 781 631 contagia3
801 581 940 619 nullius
959 583 1050 619 astri

260 646 424 691 Gregem
442 647 603 677 aestuosa
623 647 741 676 torret
760 640 982 690 impotentia
1000 639 1040 677 ¹⁵.

156 703 304 754 Jupiter
317 701 380 737 illa
401 699 472 750 piae
493 699 654 736 secrevit
670 699 797 736 littora
811 699 912 750 genti
926 699 970 746 ¹⁶,

259 764 311 799 Ut
331 759 544 810 inquinavit
562 772 636 796 aere
655 768 802 810 tempus
823 772 1003 807 aureum,

641 818 685 862 6

156 946 285 976 dentur.
307 959 352 966 —-
371 942 459 972 Ama
483 941 579 971 radat
595 953 606 971 :
623 947 720 972 terras

155 990 310 1022 verrendo
339 986 434 1019 simhl
456 994 603 1028 proruat,
633 987 720 1028 quod

153 1040 187 1068 in
200 1038 281 1068 locis
294 1034 421 1066 clivosis
436 1034 617 1074 frequenter
636 1035 717 1064 acci-

153 1085 210 1115 dit.
235 1101 282 1107 —-
309 1084 480 1121 Utrumque
507 1090 580 1121 rege
601 1086 719 1120 tempe-

154 1138 246 1160 rante
260 1127 399 1159 coelitum
416 1137 428 1156 .·
444 1127 525 1156 Jove
541 1132 719 1166 utrumque,

152 1178 186 1207 h.
216 1188 243 1207 e.
269 1173 392 1216 pluvias
418 1171 620 1212 caloremque
636 1172 718 1202 salu-

151 1223 210 1252 tari
228 1225 476 1263 temperamento
495 1217 688 1248 moderante.

203 1317 254 1347 14.
275 1311 350 1341 Non
374 1310 434 1340 Ιιίιε
453 1311 564 1351 Argoo
591 1315 721 1339 conten-

152 1358 200 1389 dic
213 1357 334 1399 remige
343 1357 440 1398 pinus
453 1368 464 1386 :
479 1357 535 1397 qui
553 1357 587 1386 in
602 1355 653 1385 his
669 1356 719 1385 in-

150 1405 228 1435 sulis
244 1405 359 1434 vivunt
377 1403 504 1433 nullum
529 1413 602 1432 cum
630 1412 719 1442 pere-

150 1451 250 1493 grinis
260 1449 381 1480 habent
396 1449 622 1479 commercium
634 1470 642 1485 ‚
663 1458 718 1478 ne-

151 1507 213 1538 que
239 1495 414 1537 quidquam
442 1494 578 1536 periculi
601 1501 648 1524 est
678 1505 718 1524 ne

150 1544 281 1573 illorum
311 1542 457 1572 moribus
482 1548 514 1571 et
541 1541 625 1571 vitiis
649 1550 718 1570 cor-

150 1594 353 1630 rumpantur.
385 1587 483 1628 Quod
518 1593 554 1617 nt
585 1586 716 1626 probet,

149 1634 371 1666 celeberrimos
400 1633 487 1663 illico
521 1633 717 1673 navigatores

148 1682 304 1717 nominat,
332 1682 532 1720 Argonautas
581 1678 717 1715 scilicet,

148 1727 313 1764 Medeam,
341 1725 525 1762 Phoenicas,
551 1725 715 1766 Ulyssem,

149 1775 204 1814 qui
228 1772 293 1804 hinc
318 1771 484 1813 nunquam
509 1771 714 1812 appulerunt.

148 1820 247 1851 Pinus
266 1821 375 1860 Argoo
393 1818 532 1859 remige,
550 1818 638 1847 navis
656 1818 715 1847 Ar-

148 1876 200 1907 go,
226 1882 272 1889 —-
295 1864 464 1905 Impudica
488 1862 634 1894 Colchis:
650 1864 715 1893 Me-

147 1913 222 1950 dea,
250 1913 303 1942 cui
329 1917 419 1951 pater
441 1913 560 1947 AEetes,
583 1909 715 1940 Colcho-

148 1969 219 1988 rum
235 1969 311 1995 rex;
337 1956 376 1987 de
397 1957 522 1986 famosis
543 1955 611 1994 ejus
630 1966 714 1985 amo-

147 2004 236 2034 ribus
267 2011 299 2034 et
325 2003 566 2033 incantamentis
588 2002 713 2042 vulgata

146 2050 252 2083 fabula
269 2055 326 2080 est.
348 2066 395 2072 —-
417 2048 542 2078 Sidonii
562 2058 573 2077 .·
587 2048 712 2078 Phoeni-

145 2107 214 2132 ces,
244 2096 260 2126 ἐι
284 2095 414 2132 Sidone,
439 2095 604 2125 notissimo
621 2093 712 2124 Phoe-

145 2144 236 2172 niciae
274 2142 419 2182 imperio.
455 2157 501 2164 —-
541 2139 712 2170 Laboriosa

147 2199 205 2219 nec
236 2187 345 2219 cohors
376 2186 500 2227 Ulyssei'
518 2197 530 2216 .·
548 2185 655 2217 multis
671 2185 714 2215 la·

772 942 905 973 boribus
939 950 970 974 et
1007 943 1156 985 periculis
1190 944 1224 974 in
1260 945 1337 974 mari

772 996 951 1020 exercitata.

824 1035 874 1066 15.
894 1035 1023 1066 Nullius
1034 1035 1113 1065 aseri
1130 1036 1265 1078 Gregem
1278 1047 1336 1066 oes-

773 1088 864 1110 mosa
887 1088 984 1112 torret
1011 1081 1197 1122 impotentia
1217 1093 1230 1112 .·
1243 1089 1337 1112 aestus

772 1128 952 1167 impotens,
982 1127 1067 1158 calor
1093 1129 1210 1158 nimius
1237 1129 1294 1168 qni
1319 1126 1337 1157 a

774 1174 848 1204 sirii
870 1179 944 1204 ortu
962 1173 1060 1213 vulgo
1075 1172 1160 1204 nasci
1180 1170 1278 1210 solet,
1297 1172 1336 1203 de

773 1230 838 1260 qno
853 1218 916 1258 jhm
930 1218 1025 1260 snpra
1040 1220 1102 1257 111,
1127 1220 1166 1250 13
1178 1241 1187 1257 ,
1205 1230 1226 1259 9
1237 1241 1246 1256 ,
1264 1219 1335 1249 Fla-

748 1295 753 1298 ,
770 1265 898 1306 graneis
918 1272 1016 1295 atrox
1046 1264 1128 1295 hora
1161 1265 1334 1296 Caniculae.

773 1312 840 1341 Hos
853 1311 934 1341 duos
951 1321 1078 1349 versus,
1101 1318 1138 1342 nt
1161 1321 1236 1341 cum
1263 1321 1334 1341 ora-

773 1358 868 1387 tionis
898 1364 1002 1388 tractu
1017 1357 1116 1398 magis
1144 1356 1334 1391 concordes,

771 1401 917 1444 superins
933 1403 1080 1434 nonnulli
1096 1402 1333 1438 transtulerunt,

772 1449 845 1490 post
862 1459 893 1480 v.
913 1449 969 1487 52,
987 1449 1056 1480 Νὲσ
1069 1447 1251 1480 intumescit
1266 1449 1336 1479 alea

771 1494 891 1535 viperis
915 1494 1039 1527 liumus.
1067 1495 1158 1526 Fides
1181 1504 1254 1525 mss.
1283 1505 1333 1524 re-

770 1548 902 1582 pugnat.

820 1587 871 1618 16.
898 1586 1020 1628 Jupiter
1043 1586 1100 1618 illa
1114 1586 1182 1628 pioe
1206 1585 1335 1616 secrevit

770 1633 877 1663 littora
909 1633 1003 1675 genti
1031 1644 1042 1663 :
1068 1633 1222 1674 supponit
1247 1638 1333 1662 vates

769 1680 804 1709 in
819 1679 966 1710 universa
980 1679 1111 1710 humani
1125 1679 1247 1721 generis
1261 1688 1331 1708 cor-

768 1726 907 1766 ruptela,
937 1726 1078 1756 extitisse
1110 1724 1216 1755 tamen
1254 1734 1332 1754 non-

767 1771 874 1802 nullos
895 1772 913 1802 a
937 1771 1159 1802 communibus
1174 1770 1258 1800 vitiis
1271 1771 1331 1799 im-

766 1827 896 1856 munes,
945 1828 1084 1858 qnorum
1122 1818 1157 1847 in
1201 1816 1331 1857 gratiam

767 1863 877 1894 merita
914 1865 1101 1905 exceptione
1147 1863 1330 1892 continuata

766 1916 842 1940 suut
859 1911 964 1940 aureae
986 1910 1085 1940 aetatis
1107 1906 1280 1943 beneficia,
1299 1914 1330 1937 et

766 1955 838 1986 ideo
863 1962 1015 1986 secretam
1041 1956 1080 1986 iis
1105 1955 1200 1984 fuisse
1222 1952 1327 1983 sedem

766 2002 886 2032 caeteris
917 2001 1103 2032 mortalibus
1135 1999 1327 2040 incognitam

765 2054 797 2077 et
812 2048 1020 2085 inaccessam,
1042 2046 1104 2088 quai
1124 2045 1238 2087 dignos
1248 2043 1327 2083 jain-

762 2092 827 2132 jaim
844 2104 877 2124 se
897 2093 1062 2135 praebituri
1085 2097 1161 2122 sunt
1182 2091 1328 2131 quicum-

764 2149 827 2180 que
841 2146 1034 2181 praeeuntem
1052 2145 1154 2169 vatem
1169 2137 1260 2177 sequi
1274 2135 1329 2166 de-

769 2187 937 2218 creverint.
955 2202 1002 2211 —-
1018 2186 1060 2216 Ue
1072 2181 1252 2226 inquinavit
1266 2191 1329 2212 cere
