1422 2528
551 112 631 145 Lm.
657 113 675 143 Ι
693 111 858 145 sATntA
877 113 921 144 V.

1280 112 1348 144 225

79 222 83 226 ,
133 177 301 217 Illinere.
319 179 473 216 Interea
484 179 676 215 Maecenae
693 175 868 221 advenit,
887 183 1003 226 atque

135 240 337 286 Cocceius,
356 239 571 290 Capitoque
584 237 698 275 simul
717 236 900 274 Fonteius
916 265 928 283 ,
942 235 992 274 ad
1007 248 1177 287 unguem

136 302 274 338 Factus
288 300 428 346 homo,
448 298 607 346 Antoni,
626 311 705 336 non
719 307 762 336 ut
779 296 899 349 magis
919 299 1029 346 alter,
1049 297 1207 336 amicus.

139 361 296 399 Fundos
310 361 467 399 Aufidio
482 364 609 399 Lusco
625 370 792 411 praetore
813 359 979 398 libenter

135 422 383 473 Linquimus,
398 423 519 461 insani
537 422 706 460 ridentes
726 421 886 472 praemia
904 419 1065 468 scribae,
1317 427 1349 453 ³⁵

133 485 374 533 Praetextam‚
395 493 439 523 et
457 485 578 523 latum
593 484 768 532 clavum,
782 475 996 534 prunaeque
1018 480 1212 520 batillum.

136 688 275 721 humore
289 687 385 721 ‘malo
403 690 631 722 diffluentibus
652 701 717 721 me-

138 736 328 769 dieamenta.
341 755 391 762 --
407 738 523 779 Capito
538 738 691 769 Fonteius
704 749 717 768 .·

137 791 241 826 pater,
253 783 369 826 procul
382 785 484 816 dubio
494 809 505 823 ,
521 786 609 816 illius
625 785 717 827 Capi-

137 832 223 866 tonis
234 833 380 869 Fonteii,
400 834 475 874 qni,
490 833 625 863 biennio
641 832 715 863 ante

135 878 278 920 Augusti
311 887 466 915 mortem,
509 880 715 911 consulatum

136 926 244 966 gessit.
269 943 316 950 —
340 927 399 957 Ad
424 938 564 969 unguem
598 929 716 957 Factus

135 971 232 1003 homo
258 984 271 1003 :
293 973 394 1004 homo
426 975 587 1015 perfectus
616 981 648 1004 et
674 985 716 1004 ex

103 1050 106 1053 ,
136 1020 228 1050 omni
263 1027 354 1062 parte
388 1021 571 1052 absolutus.
611 1022 715 1051 Meta-

133 1066 238 1108 phora
251 1066 382 1099 dffitur
396 1067 415 1098 ἐι
431 1068 531 1098 fabris
543 1078 718 1099 marmora-

133 1113 192 1144 riis
201 1137 210 1152 ,
226 1116 300 1157 qui,
312 1115 460 1147 confecto
471 1116 546 1145 artis
556 1115 627 1145 'suae
642 1126 717 1156 ope-

131 1170 187 1199 n,
219 1161 309 1192 *illud
339 1173 450 1205 ungue
479 1162 715 1204 superinducto

134 1208 308 1250 “plorant
318 1217 352 1240 et
366 1210 566 1251 pei-poliunt.
575 1227 623 1233 --
632 1212 715 1241 Fun-

79 1291 82 1293 *
132 1255 194 1286 dos
210 1266 224 1286 :
241 1257 359 1287 urbem
370 1258 406 1287 in
421 1257 473 1287 viai
485 1256 592 1297 Appia
602 1259 711 1292 sitam.

131 1300 247 1340 hodie,
265 1302 380 1334 Fundi.
396 1321 445 1327 -—
462 1302 595 1340 Aufidio
610 1306 711 1334 Lusco

126 1356 270 1390 praetore
286 1359 298 1379 .·
313 1349 467 1381 Aufidius
492 1350 547 1380 ille
559 1372 569 1386 ,
593 1361 634 1380 ex
648 1350 711 1380 hu-

132 1396 204 1428 mili
225 1397 340 1428 scribae
369 1407 506 1426 munere
530 1396 570 1426 ad
592 1398 709 1437 prima-

131 1443 214 1475 rim
239 1444 412 1484 municipii
443 1443 635 1474 Fundorum
665 1443 713 1474 di-

131 1491 287 1532 gnitatem
297 1514 306 1528 ,
325 1501 400 1531 quae
409 1498 556 1531 pra-tura
574 1491 713 1533 appella-

132 1536 240 1575 batur,
259 1545 413 1574 evectus,
438 1537 597 1578 praemiis,
626 1537 659 1568 h.
681 1549 709 1570 e.

132 1583 315 1616 honoribus
332 1584 395 1615 sibi
408 1585 522 1615 delatis
533 1584 578 1615 ita
595 1596 711 1626 super·

132 1631 263 1670 fiebat,
283 1639 321 1662 ut
343 1631 476 1663 nonnisi
495 1642 609 1662 eorum
631 1634 710 1663 insi-

131 1678 252 1720 gnibua
280 1678 451 1710 decoratus
478 1679 514 1709 in
540 1680 711 1720 publicum

132 1726 339 1767 proceda-et,
363 1726 454 1767 quod
476 1726 711 1767 perridiculum

133 1773 287 1805 omnibus
315 1773 420 1804 videri
447 1773 601 1811 debebat,
631 1785 712 1815 prae-

132 1820 244 1852 ·ertim
257 1821 371 1852 aulicis
388 1820 491 1852 Roma
510 1820 711 1852 advenienti-

133 1867 210 1906 hus,
229 1869 358 1910 ipsique
373 1867 452 1898 adeo
466 1870 634 1899 Maecenati
649 1870 711 1899 Im-

74 1910 82 1922 '
132 1917 290 1956 pateris
318 1916 456 1952 vicario;
489 1915 576 1946 unde
603 1916 711 1946 evenit

133 1967 175 1993 nt
194 1962 318 1995 ficetus
330 1962 386 1993 ille
402 1973 560 2003 supremae
574 1969 711 2003 potesta-

133 2009 176 2041 ti·
205 2009 349 2041 imitator
381 2009 519 2039 libenter
548 2009 709 2051 relinque—

132 2061 230 2089 muer.
259 2074 309 2081 —-
336 2059 538 2087 Praetexcam
562 2068 573 2087 :
602 2064 707 2099 togam

80 2107 83 2109 '
132 2104 409 2144 pntmrffllimbo
419 2103 708 2136 circumdatam.—

131 2150 250 2181 Iafflm
266 2151 391 2183 clavum
413 2163 425 2181 :
449 2158 516 2181 erat
540 2151 623 2182 latus
643 2152 707 2182 cla-

131 2205 192 2226 vus
220 2198 350 2236 tunica,
378 2200 471 2237 cujus
499 2198 575 2229 duae
602 2205 707 2239 parte-⁴1

130 2248 203 2273 ante
212 2251 329 2285 peetus
340 2246 563 2288 jungebantur
577 2245 688 2277 fibulis
697 2269 707 2286 ,

770 699 802 722 et
818 699 910 722 erant
924 690 1019 722 taenizi
1031 690 1171 734 quadam
1186 687 1350 732 purpurea

770 738 876 769 assuta
906 747 1040 772 ornatae.
1070 741 1110 770 In
1139 739 1206 769 lato
1234 737 1345 775 clavo,

771 787 866 816 taenia
899 787 996 817 latior
1025 794 1112 824 erat;
1145 788 1182 816 iu
1211 791 1350 827 angusto

772 834 883 871 clavo,
910 836 1088 875 angustior.
1117 833 1259 874 Quidam
1282 832 1350 873 glo-

768 881 865 911 bulos
878 883 1008 918 sericos,
1017 882 1075 922 qui
1086 879 1239 921 tanquam
1250 880 1331 910 clavi
1340 902 1349 916 ‚

769 927 826 958 seh
850 929 1016 959 clavorum
1040 929 1164 969 capita,
1186 927 1349 968 promine-

770 982 861 1012 rent,
879 977 915 1005 in
934 983 1020 1005 veste
1043 975 1170 1005 additos
1190 974 1229 1003 ad
1253 983 1349 1004 orna·

771 1028 841 1052 tum
888 1022 984 1052 fuisse
1027 1022 1165 1059 volunt,
1201 1027 1234 1051 et
1270 1019 1348 1050 hinc

771 1076 891 1099 vestem
929 1069 1124 1099 laticlaviam
1159 1067 1294 1105 dictam,
1321 1068 1350 1098 si

769 1115 898 1146 latiores
919 1124 951 1147 et
968 1116 1139 1157 ampliores
1153 1115 1260 1146 forent
1281 1115 1350 1157 glo-

769 1162 856 1200 buli3
874 1163 1152 1205 angusticlaviam,
1167 1164 1195 1192 si
1208 1163 1348 1193 minores

768 1216 800 1240 et
823 1212 1037 1252 angustiora.
1062 1212 1141 1241 Lato
1170 1208 1262 1240 clavo
1287 1209 1349 1240 soli

766 1258 935 1288 Senatores
957 1265 990 1288 et
1018 1257 1147 1288 Patricii
1159 1257 1345 1287 utebantur.

765 1320 814 1327 —
838 1306 1022 1346 Prunaeque
1049 1303 1199 1334 bacillum
1225 1314 1237 1333 :
1266 1303 1347 1334 hati-

765 1361 862 1387 num,
884 1351 990 1389 unde,
1006 1351 1176 1388 batillum,
1205 1361 1271 1381 vox
1294 1361 1347 1380 ve-

766 1403 818 1427 tus
868 1404 932 1435 est,
977 1396 1163 1440 Significans
1203 1397 1346 1428 ferreum

765 1443 853 1474 istud
870 1445 1136 1481 instrumentum,
1156 1445 1191 1475 in
1210 1445 1277 1476 imo
1294 1445 1345 1474 in-

765 1498 830 1521 star
845 1492 940 1529 remi,
960 1493 1080 1529 latum,
1099 1502 1166 1533 quo
1188 1492 1345 1523 carbones

766 1538 783 1568 ὲ
803 1538 877 1569 foco
892 1541 1105 1580 excipiuntur
1123 1539 1207 1580 (une
1218 1540 1308 1580 pelle
1322 1539 1344 1570 ὰ

755 1585 818 1627 feu
829 1586 852 1627 ).
888 1587 1041 1617 Batinum
1073 1586 1150 1617 vero
1183 1585 1345 1628 significat

765 1633 860 1664 etiam
879 1644 932 1663 vas
959 1634 1098 1664 ferreum
1124 1641 1180 1664 aut
1207 1644 1343 1671 aereum,

763 1681 800 1711 iu
827 1691 892 1722 quo
920 1681 1037 1712 odores
1064 1680 1249 1718 adolentur,
1277 1691 1344 1711 une

764 1728 946 1760 cassolctte.
975 1728 1144 1767 Ejusmodi
1177 1727 1344 1758 vasculum

763 1775 996 1816 praeferebatur
1011 1775 1091 1806 olim
1107 1778 1277 1806 Persarum
1293 1785 1343 1805 re-

764 1821 877 1864 gibus,
905 1830 937 1853 et
963 1823 1117 1854 Romanis
1145 1823 1346 1863 imperatori-

765 1868 842 1906 bus,
867 1867 942 1900 eum
962 1870 1022 1899 iter
1043 1869 1186 1899 facerent
1207 1879 1215 1900 :
1244 1879 1343 1910 quem

764 1927 887 1947 morem
903 1918 962 1946 iste
978 1923 1110 1957 praetor,
1125 1915 1279 1956 tanquam
1292 1916 1343 1946 iu-

763 1964 853 2005 signe
873 1964 1075 1994 auctoritatis
1093 1970 1125 1993 et
1150 1963 1341 2002 majestatis,

763 2010 952 2051 usurpabat.
970 2012 1009 2040 In
1032 2009 1145 2041 eodem
1167 2019 1259 2048 vase,
1280 2020 1342 2051 pro

762 2058 847 2088 felici
864 2058 1029 2099 hospitum
1048 2057 1206 2094 adventu,
1229 2058 1341 2087 incen-

761 2105 804 2135 sis
812 2104 876 2135 odo
881 2105 970 2135 ribus
981 2128 989 2140 ‚
1000 2106 1021 2135 J
1023 2106 1078 2135 ovi
1090 2104 1242 2145 hospitali
1253 2113 1341 2133 sacra

760 2150 894 2183 fiebant.
921 2152 1024 2193 quue
1045 2151 1086 2183 ab
1113 2150 1249 2183 Aufidio
1277 2151 1340 2181 isto

761 2199 892 2229 fortasse
913 2199 1035 2230 factum
1050 2205 1116 2236 est,
1137 2197 1212 2228 oiim
1226 2197 1341 2227 missos

760 2245 865 2278 Roma
894 2246 1037 2288 legatos,
1067 2244 1221 2286 tauquAExm
1253 2245 1337 2274 Fun-
