1404 2522
131 115 171 143 26
513 116 553 155 Q.
578 115 761 147 nomm
786 116 937 149 FLAcm

239 173 376 207 Lucem
391 170 506 208 redde
522 180 614 218 tuae‚
633 172 711 210 dux
729 172 829 210 hone
842 202 852 220 ,
873 174 1006 224 patriae
1024 183 1056 223 ²5
1301 187 1314 211 ⁵

229 232 354 267 Instar
371 231 471 268 veris
492 229 592 268 enim
613 226 738 270 vultus
760 231 828 269 ubi
849 242 937 271 tuus

232 290 385 326 Asfulsit
407 292 568 341 populo,
589 292 733 341 gratior
751 292 781 329 it
798 292 896 338 dies,

386 352 433 386 Et
451 351 548 387 soles
564 351 698 388 melitis
714 352 848 389 nitent.

233 411 284 446 Ut
301 418 420 445 mater
434 410 614 459 juvenem
631 410 646 433 ³
657 438 668 458 ,
688 423 801 461 quem
818 413 940 449 Notus
957 411 1091 451 invido

230 469 339 505 Flatu
352 470 550 519 Carpathii
568 478 670 508 trans
690 471 804 508 maris
821 484 976 521 aequora
1135 514 1148 520 ,
1286 492 1316 507 ιο

231 531 481 566 Cunctantem
500 530 624 579 spatio
641 530 790 580 longius
805 543 930 569 annuo

386 588 500 625 Dulci
519 589 674 626 distinet
691 591 713 626 ἐι
729 589 863 636 domo,

227 647 334 683 Votis
353 649 617 698 ominibusque
634 650 648 678 4
664 659 700 687 et
722 650 897 699 precibus
919 661 1046 700 vocat,

230 708 356 743 Curvo
374 721 444 745 nec
465 709 598 746 faciem
617 710 745 747 littore
765 710 954 758 dimovet;

131 917 210 953 VII,
240 914 280 945 de
313 915 408 945 Gavii
436 914 595 956 supplicio
621 925 629 947 :
654 926 694 946 ea

127 972 215 998 vox,
231 961 315 992 Civis
329 963 492 992 Romanus
507 972 588 998 sum,
615 972 694 992 mor-

127 1014 191 1037 tem
208 1006 293 1037 illius
311 1006 504 1036 acerbiorem
525 1014 558 1037 et
574 1008 693 1049 suppli-

128 1053 210 1083 cium
226 1052 380 1083 maturius
404 1053 485 1083 tulit.
495 1071 543 1076 -—
559 1056 692 1084 Pactum

127 1106 239 1129 sancto
267 1098 404 1129 concilio
422 1110 433 1128 :
457 1098 693 1130 sanctissimum

126 1155 256 1186 quoque
266 1152 409 1175 senatum
419 1152 510 1175 vocat
520 1146 587 1177 Cic.
601 1146 692 1177 Catil.

127 1193 158 1228 Ι,
179 1203 211 1232 9.
222 1209 268 1214 -
277 1191 359 1222 Redi
370 1202 381 1221 .·
394 1202 434 1221 en
446 1198 596 1222 votorum
613 1203 695 1222 sum-

129 1247 230 1275 mam,
254 1238 288 1267 in
311 1248 378 1267 uno
398 1237 498 1267 verbo
519 1239 694 1279 expositam

127 1283 216 1324 quod
231 1283 269 1313 de
281 1282 439 1313 industria
454 1283 493 1313 ad
508 1282 604 1314 finem
617 1291 695 1314 stro-

125 1329 204 1370 phes
229 1331 382 1368 rejectum
409 1335 465 1360 est.
485 1330 523 1359 In
545 1330 608 1360 una
632 1329 692 1360 hac

126 1386 206 1405 voce
232 1382 334 1406 totum
359 1376 504 1405 carminis
526 1385 693 1418 argumen-

129 1428 197 1451 tum
216 1422 412 1452 continetur.

173 1505 202 1525 2.
234 1497 351 1524 Lucem
384 1494 481 1525 redde
506 1504 568 1526 tuce
577 1518 586 1532 ,
615 1498 692 1527 Dux

124 1540 219 1577 bone,
252 1540 368 1581 patriae
390 1551 402 1570 :
432 1542 517 1571 recte
549 1541 668 1572 Italiam
679 1566 688 1581 ‚

125 1587 319 1627 Romamque
329 1587 497 1627 imprimis,
504 1587 623 1627 patrioe
635 1599 690 1619 no-

129 1634 212 1662 mine
244 1633 368 1664 salutat.
389 1634 566 1664 Provinciae
586 1634 686 1672 enim,

126 1679 184 1709 etsi
195 1702 203 1717 ,
216 1680 286 1717 jure
301 1679 393 1717 belli,
411 1680 544 1720 imperio
558 1679 687 1719 adjunc-

123 1732 172 1762 1ae,
186 1725 203 1755 a
220 1725 371 1763 barbaris,
386 1736 453 1756 non
471 1725 488 1755 ὲ
503 1726 626 1756 civibus
641 1727 689 1756 in-

123 1771 186 1801 coli
201 1770 404 1808 dicebantur,
421 1782 524 1812 neque
537 1773 689 1802 Romanis

120 1819 242 1857 patria,
267 1817 321 1847 sed
338 1817 455 1858 patria·
468 1818 557 1858 quasi
573 1829 689 1859 appen-

125 1863 209 1894 dices
226 1863 427 1894 habebantur
440 1870 470 1894 et
482 1874 592 1895 servae.
606 1865 688 1896 Nota

126 1910 206 1939 hanc
226 1920 337 1940 vocem
348 1932 356 1946 ‚
373 1917 451 1946 euae,
468 1909 501 1940 h.
517 1921 544 1940 e.
560 1910 619 1940 tibi
633 1910 689 1940 ad-

123 1954 216 1986 dicta»
226 1978 235 1992 ,
248 1963 278 1986 te
292 1957 463 1986 tenerrimo
477 1955 592 1986 affectu
605 1967 688 1987 com-

124 2002 291 2044 plectenti,
310 2012 403 2042 quam
423 2000 531 2043 igitur,
549 2009 585 2032 ut
599 2009 686 2032 tuum

123 2047 261 2085 bonum,
277 2058 342 2078 non
363 2048 458 2078 debes
473 2047 626 2081 deserere.
640 2066 687 2072 -—

126 2093 232 2124 Inserit·
262 2094 350 2123 veris
385 2093 468 2124 enim
491 2105 502 2124 :
526 2095 687 2135 metapho-

126 2150 190 2170 ram
205 2140 239 2170 in
253 2150 344 2170 versu
362 2139 554 2181 praecedenti
575 2141 592 2170 e
617 2141 689 2172 luce

126 2185 343 2228 depromptam
359 2185 458 2217 fusius
477 2186 623 2227 explieat.
638 2189 690 2218 Di-

744 914 818 945 lecti
859 916 943 945 enim
979 914 1134 956 principis
1169 922 1314 958 aspectus

746 961 882 990 tristitiae
909 960 1041 991 nebulas
1059 961 1166 1003 fugat,
1186 969 1219 992 et
1234 962 1314 994 laeti-

747 1008 798 1036 tiae
821 1006 916 1036 radiis
940 1008 1046 1038 omnia
1067 1018 1211 1039 serenare
1225 1008 1312 1039 vide-

746 1059 808 1083 tur.
829 1070 875 1083 Ἶ-
917 1060 930 1083 c
954 1053 1035 1084 soles
1053 1053 1164 1084 melius
1181 1054 1286 1086 nicene
1299 1067 1311 1085 :

745 1099 826 1128 soles
835 1054 996 1147 dun,
1016 1099 1140 1140 poetic&
1162 1111 1224 1142 pro
1245 1101 1310 1138 sol,

746 1141 900 1184 quatenus
910 1145 1085 1186 unicuique
1100 1144 1164 1176 diei
1172 1157 1248 1178 suus
1262 1147 1312 1177 sol

747 1191 932 1232 assignatur.
960 1190 1010 1222 Sic
1027 1191 1118 1232 Virg.
1145 1192 1213 1223 Ecl.
1242 1194 1310 1230 lx,

749 1236 790 1266 52
807 1246 814 1268 :
835 1236 1008 1267 Cantando
1019 1247 1155 1276 puerum
1179 1238 1312 1269 'nemim'

748 1293 799 1312 me
816 1283 953 1313 condere
965 1283 1056 1313 soles.

790 1343 820 1373 3.
846 1344 886 1372 Ut
909 1350 1013 1373 macer
1029 1341 1179 1384 juvenem
1195 1353 1207 1373 .·
1222 1344 1312 1385 Quid

743 1385 804 1418 hac
822 1390 1056 1430 comparatione
1084 1389 1188 1430 aptius
1203 1389 1244 1420 ad
1260 1400 1312 1422 ex-

744 1434 948 1473 primendum
963 1434 1154 1465 desiderium
1174 1445 1242 1476 quo
1257 1446 1311 1477 pa-

745 1482 803 1510 tria
816 1487 979 1521 parentem
993 1488 1024 1512 et
1041 1481 1205 1512 custodem
1216 1491 1311 1512 suum

743 1528 947 1567 prosequitur
957 1528 971 1557 Ρ
989 1527 1076 1568 Quid
1090 1526 1231 1561 materna
1251 1528 1310 1558 sol-

740 1570 908 1603 licitudine
954 1573 1052 1614 magis
1096 1574 1276 1614 inquietum
1295 1575 1310 1604 ?

741 1618 959 1650 vid-similem
969 1619 1032 1649 fere
1042 1620 1310 1660 comparationem

740 1664 823 1706 apud
839 1666 967 1695 Homer.
991 1665 1107 1708 Odyss.
1129 1666 1226 1703 xvi,
1254 1675 1307 1704 17.

741 1728 788 1734 —
803 1711 905 1741 Notus
919 1722 930 1741 .·
949 1718 1062 1742 ventus
1074 1711 1218 1741 australis
1228 1731 1238 1747 ,
1253 1722 1313 1749 na-⁷

742 1756 924 1798 vigantibus
936 1758 971 1787 in
987 1757 1112 1787 Italiam
1121 1756 1138 1787 εὶ
1149 1757 1307 1798 Carpatho

743 1802 866 1843 (hodie
886 1804 1065 1844 Scarpanco
1080 1801 1107 1843 )‚
1127 1802 1231 1841 insula
1257 1805 1308 1834 in-

743 1855 791 1879 ter
816 1849 932 1880 Creten
958 1855 990 1879 et
1012 1848 1163 1880 Rhodum
1186 1848 1304 1886 media,

743 1896 931 1926 contrarius.
946 1893 1022 1926 Vid.
1037 1901 1107 1926 not.
1123 1903 1142 1924 α
1157 1895 1191 1924 in
1203 1894 1264 1926 Od.
1279 1897 1304 1932 1,

746 1942 804 1978 35,
825 1941 855 1972 8.
867 1958 914 1966 -
927 1940 1029 1972 Maris
1043 1950 1172 1983 oequora
1183 1949 1194 1970 .·
1211 1942 1306 1971 maris

741 1987 916 2028 planitiem.

789 2055 819 2085 4.
842 2047 1004 2080 Ominibus
1019 2058 1031 2078 :
1054 2049 1162 2079 omnia
1187 2059 1303 2081 consu-

739 2095 826 2133 lens,
848 2096 955 2126 omnia
985 2095 1132 2136 praesagia
1151 2094 1241 2125 avide
1257 2105 1306 2125 ar-

742 2142 860 2182 ripiens
870 2141 955 2171 unde
968 2140 1049 2170 celer
1065 2147 1096 2170 et
1111 2139 1232 2170 faustus
1246 2139 1305 2172 filii

742 2189 790 2218 sui
820 2187 940 2219 reditus
965 2187 1140 2219 nuntietur.
1157 2204 1202 2216 —.-
1218 2186 1308 2219 nesi,
