1422 2528
566 116 645 147 LIB.
663 117 695 147 V
723 117 812 148 ODE
835 117 896 148 tx.

1279 127 1343 159 119

233 179 279 215 Io
297 174 494 228 triumphe
512 173 546 210 ⁶!
567 182 610 212 tu
626 174 792 212 moraris
811 168 968 213 aureos

343 240 493 276 Currus
504 264 515 283 ,
533 243 572 273 et
590 234 755 273 intactas
770 234 914 282 hoves;

228 301 274 337 10
290 296 507 348 triumphe!
526 308 599 333 nec
616 297 639 333 J
643 295 854 346 ugurthino
874 308 1007 347 parem

334 359 442 398 Bello
461 357 670 409 reportasti
694 356 856 404 ducem;

225 424 362 474 Neque
380 421 628 466 Africanum,
644 418 708 456 cui
724 419 843 470 super
864 418 1141 470 Carthaginem
1306 429 1339 459 25

337 483 472 521 Virtus
489 480 741 533 sepulchrum
761 479 952 518 condidit.

227 547 350 584 Terra
366 543 543 594 marique
561 542 687 580 victus
706 541 828 579 hostis
847 541 990 592 punico

332 603 518 657 Lugubre
538 603 704 641 mutavit
724 615 871 654 sagum.

119 797 283 830 tave-rant,
305 797 339 823 et
365 790 402 823 in
434 797 588 833 portum,
620 789 700 823 dum

119 838 368 882 confligebatur,
411 845 619 871 recesserant.
656 841 701 871 Ea

119 887 228 918 autem
244 893 313 917 erat
327 887 497 928 utriusque
513 887 621 917 classis
634 886 700 917 dis—

117 934 254 976 positio,
272 940 313 965 ut
323 934 452 965 Octavii
464 944 563 964 naves
577 940 701 975 partem

119 980 287 1012 Ambriaci
321 978 434 1019 sinus,
461 980 502 1011 ab
531 980 701 1012 occidente

118 1027 158 1058 ad
186 1028 346 1059 orientem
371 1029 598 1069 procurrentis
628 1039 700 1070 sep-

117 1075 346 1106 tentrionalem
376 1081 409 1105 et
437 1074 513 1106 ideo
544 1076 699 1106 intranti-

116 1122 180 1154 bus
188 1122 352 1153 sinistram
361 1144 371 1161 ,
383 1123 525 1153 Antonii
535 1123 612 1154 vero
626 1133 699 1164 par-

116 1176 182 1201 tem
199 1168 444 1200 meridionalem
460 1176 510 1208 et,
530 1169 641 1200 ezidem
657 1170 698 1201 de

114 1218 242 1248 ratione
251 1239 259 1255 ‚
272 1216 470 1247 intrantibus
483 1216 632 1248 dextram
646 1228 698 1248 oc-

113 1270 284 1307 cuparent.
308 1265 395 1306 Ergo
420 1274 519 1294 naves
541 1264 605 1295 illae
623 1275 697 1307 quae

113 1310 334 1343 defectionem
371 1310 627 1350 meditabantur,
660 1319 698 1343 ut

113 1357 154 1389 ad
177 1359 307 1392 Octavii
335 1358 469 1389 classem
493 1369 561 1389 sese
578 1359 695 1402 junge-

113 1413 204 1444 rent,
233 1405 468 1443 sinistrorsum,
494 1407 562 1436 sive
587 1405 625 1436 ad
653 1407 695 1438 si-

111 1453 253 1485 nistrum
293 1452 461 1484 Ambriaci
502 1452 587 1483 latus
626 1464 695 1485 sese

110 1499 196 1532 ciere
235 1501 305 1531 sive
334 1499 476 1542 dirigere
514 1499 690 1533 debebant.

109 1548 187 1578 Uno
208 1547 328 1584 verbo,
357 1557 416 1588 per
447 1553 566 1578 totum·
588 1548 694 1589 praelii

111 1600 240 1636 tempus
249 1616 260 1632 ,
270 1594 439 1625 latuerunt
447 1594 584 1636 inportu
594 1607 607 1632 ‚·
621 1606 694 1637 per-

110 1647 183 1672 acto
211 1641 338 1683 praelio,
362 1639 380 1671 ἒι
401 1640 516 1673 dextra
538 1641 577 1672 ad
594 1643 693 1674 sinis-

108 1695 192 1719 tram
209 1694 412 1719 transeuntes
422 1711 431 1727 ,
447 1689 615 1720 cumulum
628 1691 692 1722 Oc-

109 1736 246 1766 tavianae
257 1736 404 1767 victoriae
419 1735 619 1776 adjecerunt.

156 1782 190 1814 6.
207 1784 245 1814 Io
270 1782 452 1824 triumphe!
481 1784 687 1825 triumphum

107 1830 201 1872 qnasi
231 1828 417 1873 personam*
433 1830 623 1872 alloquitur,
656 1839 690 1862 et

107 1878 257 1919 queritur
283 1877 373 1919 quod
401 1888 492 1908 suam
516 1884 548 1908 et
573 1878 690 1920 populi

107 1926 249 1956 Romani
270 1925 505 1967 impatientiam
526 1925 626 1958 sallat.
639 1943 689 1950 --

108 1972 155 2002 Ee
168 1971 311 2003 intactas
339 1972 432 2003 boves
444 1984 456 2003 .-
477 1973 620 2003 victimae
640 1983 689 2004 sa·

108 2017 241 2050 crificiis
256 2019 383 2051 devotae
405 2020 442 2051 in
459 2029 575 2050 eorum
598 2030 689 2061 spem

107 2065 289 2106 alebantur,
304 2077 412 2108 neque
436 2066 511 2097 ullis
530 2065 624 2097 antea
646 2067 689 2097 la-

106 2111 242 2144 boribus
279 2113 420 2144 suhditae
459 2120 569 2153 erant,
599 2114 689 2154 quasi

106 2157 182 2190 eum
200 2159 267 2200 jam
289 2161 388 2192 rebus
411 2161 563 2192 humanis
583 2161 687 2192 inser-

105 2207 254 2244 vierant,
289 2218 359 2239 non
401 2206 541 2250 amplius
579 2207 686 2249 dignae

104 2252 228 2293 forent,
237 2265 309 2297 quae
323 2255 358 2287 in
373 2255 533 2288 honorem
546 2254 684 2287 deorum

754 795 992 827 mactarentur;
1011 787 1100 820 uude
1131 786 1220 830 apud
1248 788 1340 832 Virg.

755 838 875 880 Georg.
899 839 959 875 IV,
986 836 1063 876 540,
1094 837 1222 878 Cyrene
1242 839 1339 868 sacri-

754 884 869 916 ficium
889 885 1029 916 Aristaeo
1050 883 1120 915 filio
1144 893 1205 914 suo
1225 885 1339 924 praeci·

754 933 848 974 piens
859 954 868 970 ,
882 931 976 972 jubet
989 931 1087 974 deligi
1103 932 1252 972 Quatuor
1267 931 1339 962 exi-

755 980 839 1010 mios
877 978 1057 1020 praestanti
1101 989 1235 1020 corpore
1269 985 1337 1008 tau-

754 1037 807 1057 ros
809 1050 908 1059 ........
942 1034 976 1056 et
1015 1027 1152 1057 intactas
1199 1024 1337 1056 totidem

754 1075 879 1106 cervice
905 1075 1072 1114 juvencas.
1105 1090 1150 1097 -—-—
1188 1073 1260 1104 Nec
1280 1075 1338 1103 Ju-

749 1120 906 1164 gurtlu'no
933 1131 1053 1162 parem
1096 1121 1191 1151 Bello
1226 1130 1336 1161 repor-

752 1169 833 1200 tasti
856 1168 971 1199 ducem
997 1180 1010 1199 .·
1034 1179 1103 1199 non
1140 1168 1247 1198 Mario
1274 1169 1338 1199 Ju-

751 1215 880 1258 gurthae
901 1217 1020 1246 victori
1046 1215 1128 1246 tami
1152 1214 1335 1256 splendoris

750 1262 937 1304 triumphus
971 1263 1121 1304 contigit.
1144 1280 1193 1286 —-·
1218 1263 1335 1304 Neque

748 1310 947 1353 Afiicanum
963 1321 976 1340 .·
1000 1310 1042 1341 de
1067 1311 1220 1351 Scipione
1249 1311 1334 1340 Afri-

750 1367 832 1389 cano
843 1358 970 1388 minore
982 1357 1149 1399 loquitur,
1160 1358 1219 1399 qui
1234 1358 1335 1387 AEmi-

748 1404 854 1436 lianus
878 1411 927 1435 est
945 1404 1072 1443 dictus,
1097 1402 1116 1434 a
1134 1414 1203 1446 quo
1226 1405 1331 1435 excisa

748 1459 781 1483 et
802 1461 913 1483 eversa
939 1451 1098 1493 Carthago
1115 1473 1124 1490 ‚
1154 1462 1228 1493 quae
1269 1452 1332 1493 ipsi

746 1499 821 1531 loco
848 1498 1063 1541 pulcherrimi
1086 1504 1119 1529 et
1141 1499 1332 1541 amplissimi

747 1546 912 1589 sepulchri
939 1546 1018 1584 fuit,
1048 1547 1084 1577 in
1114 1545 1178 1587 qua
1207 1546 1331 1578 scilicet

747 1601 906 1625 aeternum
919 1604 986 1624 suae
997 1593 1128 1624 virtutis
1137 1604 1331 1625 monumen·

747 1648 819 1672 tum
846 1641 991 1682 reliquit.
1010 1642 1204 1672 Torrentius
1222 1641 1264 1672 de
1283 1643 1330 1673 A·

745 1689 869 1719 fricano
879 1689 999 1727 majore
1014 1689 1258 1730 interpretatur,
1270 1690 1329 1730 qni

743 1734 820 1767 cum
848 1736 1063 1766 Hannibalem
1089 1746 1132 1766 ex
1158 1734 1251 1766 Italia
1277 1747 1328 1766 re-

743 1784 895 1814 traxisset
904 1805 912 1821 ,
923 1783 1216 1824 carthaginemque
1224 1783 1327 1814 mulo-

744 1837 840 1861 tasset
859 1830 1003 1868 tributo,
1027 1829 1132 1862 Roma
1157 1829 1327 1862 discedens

741 1878 778 1908 in
800 1877 937 1908 exilium
955 1878 1196 1915 voluntarium,
1219 1878 1326 1919 inglo—

741 1926 811 1956 rius
828 1924 911 1956 obiit
933 1925 1076 1963 Literni,
1090 1931 1123 1956 et
1150 1925 1326 1967 sepulchro

743 1983 805 2003 suo
823 1972 960 2003 inscribi
974 1973 1072 2012 jussit
1085 1981 1094 2004 ε
1109 1973 1250 2015 Ingrata
1260 1983 1325 2014 pa-

743 2019 866 2057 tria,ne
875 2030 949 2050 ossa
958 2018 1088 2061 quidem
1100 2030 1174 2050 mea
1182 2018 1324 2051 habebis.

742 2067 801 2098 Ait
823 2065 923 2108 igitur
944 2067 1099 2098 Horatius
1122 2077 1200 2097 eum
1225 2077 1324 2109 super

743 2114 969 2156 Carthaginem
1007 2114 1169 2145 invenisse
1207 2124 1324 2159 monu—

741 2168 908 2200 mentum,
928 2172 996 2204 quo
1018 2162 1055 2192 in
1077 2160 1183 2204 patria
1205 2161 1321 2192 caruit.

738 2209 761 2240 J
762 2219 884 2241 uvmm.
896 2226 944 2234 --
952 2208 1079 2240 Punico
1098 2207 1242 2251 Lugubre
1252 2217 1322 2238 mu-

739 2255 821 2288 tavit
834 2266 951 2298 sagum
963 2267 975 2287 .-
988 2255 1106 2288 usitata
1122 2255 1322 2294 inversione,
