1422 2528
589 108 726 140 LlB.·V
750 108 838 140 ODE
864 109 908 140 11.
942 141 947 144 ,
1319 108 1361 140 83

350 170 405 206 Ut
426 167 551 219 prisca
574 179 670 218 gen)
687 166 910 204 mortalium

250 232 415 268 Paterna
435 242 527 267 rura
546 228 674 266 hobus
689 237 844 266 exercet
863 227 942 266 suis
955 228 976 276 ,'

356 292 514 330 Solutus
529 288 634 328 omni
651 290 810 328 foenore.

250 356 387 404 Neque
404 352 595 390 excitatur
611 352 770 391 classico
785 351 892 388 mites
909 351 1010 388 truci
1028 360 1061 400 ²,
1345 361 1359 386 s

352 416 489 464 Neque
504 413 640 451 horret
660 413 804 463 iratum
824 424 948 458 mare,

249 477 471 524 Forumqtte
486 474 604 521 vitat,
620 482 658 511 et
678 470 847 523 superba
867 471 1010 509 civium

353 533 618 572 Potentiorum
637 532 780 571 limina.

249 593 353 646 Ergo
372 594 387 617 ³
406 604 472 633 aut
491 594 623 632 adulta
640 594 778 632 vitium
795 591 1009 644 propagine

350 657 457 695 Altas
477 657 631 697 maritat
648 655 814 708 populos
821 669 832 702 3
1325 673 1355 689 ιι,

246 719 456 756 Inutilesve
470 718 566 756 falce
583 730 711 755 ramos
731 723 952 769 amputans,

350 779 556 818 Feliciores
572 778 707 818 inserit
716 793 728 826 ;

145 962 199 994 ciel
231 960 369 1005 negotiis
381 984 391 999 ‚
429 972 502 1003 qnae
545 972 614 993 non
644 960 727 992 nihil

146 1009 274 1051 semper
292 1009 520 1040 sollicitudinis
539 1017 571 1039 et
589 1008 727 1051 periculi

145 1066 258 1087 secum
287 1056 442 1087 afferunt.
469 1073 517 1079 ——-
549 1058 591 1086 Ue
615 1056 727 1096 prisca

142 1114 228 1146 gens
252 1103 438 1134 mor-talium
456 1115 468 1133 .·
493 1103 644 1145 exemplo
662 1103 728 1144 pri-

146 1161 276 1182 morum
305 1150 478 1181 hominum
518 1151 574 1192 qui
586 1174 595 1188 ,
629 1148 726 1180 aurea

146 1204 259 1237 atate,
271 1204 415 1229 aratores
430 1204 485 1228 aut
500 1204 645 1239 pastores
660 1197 725 1227 fere

143 1245 291 1279 universi
299 1252 402 1277 eraut.
413 1263 462 1268 —
472 1247 618 1276 Paterna
629 1255 704 1275 rura
712 1255 724 1275 :

143 1298 182 1327 ut
199 1291 388 1327 modestiam
405 1292 599 1334 possidentis
613 1299 703 1322 notet
713 1314 722 1331 ‚

147 1338 296 1381 expresse
310 1346 342 1371 et
357 1350 432 1370 cum
449 1340 483 1370 vi
504 1339 604 1377 dicit,
613 1347 725 1380 pater-

144 1395 212 1427 na,
231 1385 250 1417 a
265 1386 444 1426 majoribus
455 1387 528 1425 jure
550 1386 720 1418 haeredita·

143 1432 186 1464 tis
198 1434 379 1465 transmissa
387 1455 397 1472 ,
412 1444 481 1464 non
495 1434 660 1464 immensis
672 1443 724 1463 ac-

144 1480 343 1513 cessionibus
371 1479 577 1522 amplificata.
601 1480 723 1511 Confer

142 1525 258 1569 snpra,
274 1527 339 1559 od.
357 1529 372 1558 1
383 1550 392 1565 ‚
417 1538 430 1557 1
445 1550 455 1566 ,
473 1538 486 1557 1
498 1538 510 1558 1
531 1537 540 1559 :
568 1527 723 1558 Gauden-

132 1578 136 1580 “
144 1580 208 1611 tem
212 1574 337 1615 patrios
334 1574 467 1618 findere
473 1574 721 1617 sarculoAgros,

144 1626 177 1662 ςζ
188 1621 375 1662 passim.-.—
386 1621 458 1653 Suis
473 1633 485 1652 .-
499 1632 566 1653 non
580 1621 722 1658 conduc-

144 1667 184 1698 tis
195 1690 205 1705 ‚
225 1667 315 1709 quod
330 1679 398 1699 non
412 1668 548 1711 legitimi
563 1680 722 1710 possesso·

143 1714 207 1753 ris,
227 1714 283 1745 sed
300 1715 401 1748 villici
417 1723 511 1748 esset.
524 1733 572 1744 w·-
592 1717 722 1758 Solutus

143 1761 236 1798 omni
246 1761 375 1804 fenore
391 1774 403 1793 .·
421 1762 505 1798 liber
519 1763 560 1794 ab
573 1764 613 1794 iis
636 1765 723 1794 curis

137 1819 216 1850 *quae
225 1811 395 1851 pecuniam
409 1810 523 1852 magua
535 1821 611 1840 cum
626 1810 724 1842 usura

141 1855 210 1889 sive
225 1857 466 1890 commodantes
489 1857 556 1887 sive
574 1865 725 1892 mutuan-

133 1903 396 1938 samsoni-:itanu
418 1906 466 1936 Ne
479 1903 609 1935 excidat
627 1899 725 1948 insig-

136 1960 218 1981 nem
234 1950 446 1982 feneratorem
461 1951 564 1992 loqui.

179 2007 225 2038 ,af
252 1999 369 2040 Neque
394 1997 558 2029 excitatur
584 1996 721 2031 classico

143 2041 236 2082 miles
259 2045 367 2077 truci.-
387 2047 423 2076 in
446 2056 486 2076 eo
510 2056 626 2084 versu,
639 2047 721 2079 etin

143 2089 248 2129 tnbus
263 2102 336 2133 quae
357 2099 551 2134 sequuntur,
565 2093 721 2134 complec-

142 2136 224 2179 titur
249 2139 367 2171 Noster
393 2140 502 2170 omnia
535 2141 571 2178 in
599 2140 722 2180 quibus

141 2186 292 2216 coaetanei
324 2188 374 2217 sui
405 2187 505 2217 vitam
545 2187 722 2218 miserrime

141 2229 389 2265 consumebant*
399 2233 518 2265 Confer
529 2233 616 2275 apud
628 2235 720 2277 virg.

782 961 904 1002 Georg.
922 962 970 1000 11,
987 960 1067 999 461,
1086 961 1122 991 in
1136 958 1359 998 celeberrimo,

782 1007 951 1050 nunquam
981 1008 1088 1039 tamen
1126 1007 1200 1038 satis
1227 1007 1359 1038 laudato

781 1056 856 1086 vitae
878 1057 1007 1086 rusticae
1029 1056 1212 1097 praeconio,
1229 1062 1358 1085 senten-

782 1103 840 1133 tias
854 1109 885 1133 et
897 1104 1051 1145 imagines
1066 1103 1252 1133 Horatianis
1261 1102 1358 1132 simil-

779 1150 895 1181 limas:
927 1151 963 1180 Si
988 1161 1055 1180 non
1091 1149 1272 1192 ingentem,
1295 1157 1357 1180 etc.

781 1196 966 1228 Sollicitam
976 1197 1038 1229 alii
1056 1198 1153 1227 remis
1154 1197 1247 1240 freta
1259 1207 1359 1233 σασα,

780 1251 840 1276 etc.
851 1244 1106 1277 Nihilstudiosae
1117 1245 1284 1283 juventuti
1295 1246 1358 1274 uti-

777 1293 858 1330 lius,
883 1292 966 1322 nihil
988 1291 1027 1322 ad
1050 1290 1292 1322 informandum
1310 1292 1359 1331 ju-

779 1340 900 1372 dicium
914 1340 984 1369 istis
998 1339 1227 1372 collationibus
1240 1339 1358 1379 aptius.

823 1387 855 1417 3.
890 1386 979 1428 Ergo
1008 1397 1021 1416 .·
1051 1386 1142 1427 quasi
1180 1385 1359 1424 objectioni

775 1443 950 1464 occurrens
966 1432 1030 1474 qua
1045 1435 1094 1463 vir
1115 1434 1254 1464 rusticus
1269 1432 1357 1463 dam-

776 1481 851 1511 nosi
873 1481 932 1511 otii
962 1488 1170 1523 argueretur,
1192 1480 1242 1512 sui
1261 1487 1356 1517 sunt,

775 1527 951 1568 respondet
961 1550 970 1566 ,
987 1530 1060 1559 viro
1075 1529 1198 1559 rustico
1212 1527 1356 1566 labores,

777 1574 833 1605 sed
849 1574 977 1607 labores
999 1575 1139 1617 placidi,
1154 1576 1313 1614 innocui,
1325 1582 1357 1605 et

776 1621 903 1653 summa
921 1622 1087 1664 voluptate
1104 1622 1238 1663 perfusi.
1253 1622 1356 1665 Ergo,

775 1675 837 1700 etc.
864 1686 912 1693 ·—
933 1667 1061 1702 Adultd
1090 1669 1209 1699 vitium
1234 1680 1357 1711 propa-

772 1715 852 1758 gine
892 1716 991 1748 Alcas
1020 1716 1156 1748 maritat
1189 1717 1328 1757 populos
1344 1728 1356 1747 .-

770 1764 946 1806 propago(
956 1764 1084 1806 gallice,
1099 1774 1142 1793 un
1153 1763 1291 1806 provin)
1308 1771 1358 1795 est

778 1821 888 1841 ramus
914 1812 990 1841 vitis
1018 1810 1160 1845 inflexus
1185 1812 1262 1852 qui,
1295 1819 1357 1842 ter-

778 1868 823 1889 rae
838 1858 1018 1895 immissus,
1038 1857 1125 1888 unde
1144 1858 1242 1900 stirps
1264 1858 1356 1892 ducit

777 1906 950 1947 originem,
967 1904 1081 1946 suipte
1093 1906 1126 1935 vi
1137 1905 1261 1938 radices
1277 1907 1355 1947 agit,

776 1963 882 1993 neque
905 1950 996 1994 prius
1014 1951 1032 1983 a
1051 1959 1197 1987 materno
1219 1964 1356 1995 corpore

775 1998 931 2034 reeiditnr
970 1998 1068 2040 quam
1101 1999 1294 2038 adoleverit,
1324 2007 1357 2031 et

773 2046 842 2087 ipse
861 2048 896 2081 in
914 2056 1032 2080 novam
1053 2047 1187 2088 stirpem
1205 2049 1355 2084 creverit,

775 2103 848 2134 quae
878 2093 1010 2135 populis
1040 2093 1136 2125 ulmis
1160 2094 1295 2136 aliisque
1321 2094 1354 2124 id

774 2151 875 2182 genus
889 2140 1060 2171 arboribus
1075 2142 1236 2182 jungitur,
1254 2142 1353 2172 mari-

775 2194 874 2218 tatur.
886 2204 935 2215 -ε-
952 2187 1125 2221 Feliciores
1148 2187 1262 2219 inserit
1274 2199 1285 2218 .·
1304 2190 1353 2219 iu·

775 2235 928 2266 sitionem
954 2242 1047 2267 notat
1062 2234 1214 2278 (gallice,
1232 2236 1352 2272 l'ente,
