1422 2528
19 468 48 502 ,ὓ

191 0 242 9 ,4,

506 91 627 122 L115.1
651 91 814 123 SATmA
834 91 894 123 lx.

47 127 285 207 Qum
297 151 518 211 adjutorem
533 149 575 200 ²⁵,
595 159 726 204 posset
740 152 809 203 qui
826 152 928 191 ferre
948 152 1136 191 secundas
1146 179 1157 199 ,

87 210 212 258 ,fiune
226 213 428 258 hominem
450 213 572 252 velles
590 213 624 252 si
641 213 814 261 tradere;
831 212 1077 264 dispeream,
1097 211 1139 250 ni

70 283 72 286 ’
94 275 339 327 summosses
359 287 503 315 omnes.
517 296 571 305 ——
584 277 674 313 Non
693 274 768 313 isto
785 275 953 312 vivimus
971 273 1049 312 illic
1062 275 1104 320 ¹⁶,

1247 93 1311 122 261

97 339 190 387 Quo
209 345 254 377 tu
272 349 380 386 rere,
398 337 534 386 mod05
551 338 690 376 domus
706 337 779 375 hac
791 337 863 376 nec
884 337 1022 388 purior
1036 336 1115 375 ulla
1130 345 1207 383 est,

97 395 182 439 Nee
195 397 316 451 magis
329 396 534 446 hiscfflhena
546 399 667 437 malis.
688 398 751 436 Nil
765 395 818 436 mi
834 397 974 445 officit,
992 398 1150 448 inquam
1159 425 1170 445 ,
1284 406 1316 430 ⁵0

67 454 71 456 ’
97 459 229 500 Ditior
241 459 410 509 him-aut
422 469 483 499 est
504 459 597 511 quiin
616 460 791 507 doctior3
814 469 871 499 est
891 460 998 498 locus
1020 459 1110 498 uni·

98 523 251 575 Cuique
268 526 629 574 suus.—-Magnum
645 535 792 569 narras,
804 522 870 560 vix
886 522 1084 560 credibile.
1098 544 1152 550 ——
1163 519 1283 572 Atqui

89 582 163 639 §ic
182 585 312 624 habet.
329 585 601 632 -Accendis,
615 585 736 635 quare
751 584 906 636 cupiam
922 582 1040 634 magis
1061 582 1116 620 illi

94 641 302 685 Proximus
321 659 415 685 esse.
436 646 603 685 ——Velis
621 644 906 694 tantummod63
923 658 1010 697 quae
1031 652 1096 681 tua
1113 644 1259 689 virtus,

97 853 232 883 Horatio
271 851 459 882 continuari
497 859 614 894 putent
649 859 681 881 et

96 898 360 942 praecedentibus
390 898 580 941 adjungant.
610 900 679 940 Ego

99 957 176 978 cum
195 946 265 977 aliis
284 946 518 987 interpretibus
538 957 675 977 consen-

97 995 146 1031 tio
157 995 216 1035 qui
231 1003 267 1024 ea
277 993 406 1035 garrulo
423 992 586 1024 tribuunt.
601 995 679 1024 Haee

101 1051 185 1078 vox,
216 1039 402 1078 dexteritas,
433 1039 541 1070 miniis
572 1042 677 1072 Hora-

98 1090 181 1119 tium
199 1086 297 1129 quam
322 1087 464 1118 alienum
493 1087 607 1118 decere
634 1089 678 1118 vi-

97 1134 206 1174 detur,
222 1133 298 1164 cnm
314 1135 423 1165 neseio
437 1145 534 1176 quam
551 1135 677 1165 callidi-

97 1184 171 1214 tatis
184 1189 296 1217 notam
309 1191 420 1212 seeum
439 1181 554 1214 trahat.
571 1182 676 1213 Facile

97 1237 258 1262 verteres:
276 1229 303 1260 il
324 1240 347 1259 a
366 1228 521 1268 soliment
525 1229 598 1271 fait
616 1240 675 1260 son

94 1276 248 1309 chemin!
262 1274 478 1318 Explodenda
495 1278 607 1307 nescio
623 1287 680 1308 cu-

92 1325 146 1364 jus
177 1325 364 1366 interpretis
386 1324 500 1366 opinio
532 1325 589 1365 qui
623 1324 679 1356 has

95 1380 192 1402 voees
210 1369 229 1401 εὶ
246 1370 377 1412 garrulo
392 1369 527 1412 quidem
539 1393 548 1408 ,
567 1370 623 1401 sed
638 1371 678 1402 de

97 1418 236 1449 Horatio
250 1418 322 1459 ipso
340 1418 552 1459 pronuntiari
567 1425 676 1459 putat,

95 1464 141 1496 ita
162 1473 199 1496 ut
220 1475 334 1496 sensus
355 1465 397 1494 sit
418 1474 426 1495 :
448 1475 544 1495 nemo
560 1464 676 1497 melios

94 1510 195 1553 quam
217 1517 272 1548 tu,
294 1509 425 1548 Horati,
446 1510 576 1542 fortuna
599 1524 675 1544 usus

96 1566 159 1598 eat,
176 1558 234 1600 qui
250 1558 461 1589 Maecenatem
484 1559 545 1589 tibi
563 1559 676 1591 devin—

96 1607 163 1637 cire
183 1606 333 1642 noveris,
351 1611 446 1646 teque
459 1606 578 1647 paucis
592 1607 674 1646 illis,

95 1653 219 1696 quibus
245 1652 442 1686 familiariter
475 1655 590 1694 utitur,
620 1661 674 1697 ag-

94 1711 236 1745 gregare.

144 1749 197 1780 15.
212 1749 374 1791 Magnum
389 1747 572 1787 adjutorem
588 1761 599 1780 :
615 1749 674 1780 ad·

90 1795 180 1836 'J'ucor
200 1795 333 1837 proprie
351 1797 386 1825 in
405 1795 567 1838 tragoediis
587 1797 674 1828 dice·

91 1843 189 1875 batur
204 1842 258 1874 ille
276 1844 334 1884 qui
357 1849 481 1874 actores
495 1850 605 1885 gestu,
622 1846 672 1875 iu·

93 1889 226 1922 terdiim
251 1900 348 1928 voce,
375 1890 468 1931 quasi
491 1899 673 1932 praeeentor

94 1945 128 1969 et
150 1937 347 1976 modulator,
363 1936 549 1977 adjuvabat,
571 1940 674 1970 Porro

93 1984 164 2016 haec
178 1992 225 2016 est
243 1987 344 2016 totins
362 1985 428 2016 loci
449 1987 624 2025 sententia,
647 1987 674 2017 si

94 2030 180 2063 hunc
203 2029 382 2070 bemineru,
399 2032 434 2063 id
452 2039 516 2071 est,
536 2044 587 2064 me
605 2035 674 2076 (se-

93 2079 201 2121 ipsum
219 2079 306 2110 enim
326 2079 471 2121 indicat)
490 2080 588 2111 velles
611 2089 673 2112 tra-

91 2125 184 2164 dere,
202 2125 267 2158 hoe
276 2134 341 2166 est,
352 2128 522 2158 Maecenati
537 2127 672 2166 offerre,

92 2180 131 2204 ut
147 2184 248 2205 essem
264 2174 350 2206 inter
371 2175 440 2214 ejus
456 2174 628 2208 familiares
642 2182 674 2206 et

88 2219 296 2262 domesticos,
304 2221 441 2258 haberes
450 2233 502 2256 mo
515 2233 672 2265 magnum

735 841 944 893 adjutor-ems
960 849 993 880 id
1025 854 1091 885 est,
1115 848 1260 887 juvarem
1287 851 1315 875 te

734 898 880 940 egregie,
905 903 938 928 et
961 894 1124 928 ⁴secundas
1149 895 1185 924 in
1203 895 1317 925 Maece-

733 946 818 977 natis
843 943 984 976 amicitia
1008 948 1115 984 partes
1135 942 1218 971 ferre
1240 950 1316 982 pos-

734 1003 816 1026 sem.
836 1000 866 1022 te
886 992 1009 1023 ferente
1025 989 1162 1030 primas;
1182 998 1313 1024 omnes,

734 1041 790 1081 qui
806 1046 882 1070 sunt
898 1040 932 1069 in
947 1036 1014 1077 ejus
1030 1036 1128 1066 domo
1143 1035 1194 1064 tui
1207 1034 1315 1065 aemuli

733 1087 785 1117 vel
805 1085 925 1123 invidi,
953 1084 1047 1115 brevi
1071 1082 1314 1118 summovisses,

732 1141 764 1164 et
780 1145 822 1164 ex
840 1144 879 1165 eo
890 1156 898 1171 ‚
917 1142 1014 1174 quem
1028 1130 1179 1162 obtinent
1195 1130 1231 1159 in
1245 1130 1313 1168 ejus

732 1181 831 1224 gratia
842 1204 852 1219 ,
870 1181 945 1211 loco
971 1177 1065 1210 facile
1087 1176 1292 1208 deturbasses
1302 1197 1311 1213 ,

731 1239 782 1259 me
793 1229 938 1268 juvante.

785 1275 838 1307 16.
858 1274 934 1306 Illic
951 1287 963 1306 .·
981 1276 1016 1306 in
1036 1274 1134 1306 domo
1156 1273 1314 1303 Maecena-

736 1324 786 1354 tis.
800 1340 847 1347 ———
867 1324 938 1364 Quo
956 1330 988 1354 tu
1006 1333 1075 1354 rere
1094 1320 1191 1353 modo
1206 1330 1217 1350 .·
1236 1329 1315 1360 qua·

733 1370 808 1400 liter
834 1370 1000 1401 arbitraris
1023 1381 1084 1401 nos
1113 1369 1162 1401 ibi
1192 1366 1313 1401 vivere.

731 1434 779 1440 --
798 1417 859 1448 His
874 1417 971 1448 malis
982 1429 994 1448 :
1012 1418 1072 1449 ista
1091 1419 1218 1460 aliquot
1235 1418 1314 1446 ami-

732 1475 846 1495 corum
871 1465 923 1496 vel
947 1466 1174 1496 convictorum
1197 1463 1313 1502 conju-

730 1513 872 1550 ratione,
888 1511 950 1554 qua
968 1511 1062 1543 fieret
1083 1519 1121 1543 ut
1135 1524 1176 1543 ex
1197 1520 1313 1542 eorum

730 1558 832 1590 tutela
859 1566 892 1590 et
915 1560 1215 1598 commendatione,
1244 1568 1312 1588 nou

730 1617 772 1637 ex
786 1605 854 1638 sola
873 1607 994 1638 virtute
1015 1615 1047 1640 et
1062 1609 1200 1640 utilitate
1219 1607 1311 1638 favor

729 1655 916 1685 Maecenatis
939 1655 1106 1696 penderet.
1138 1675 1184 1680 -—
1208 1653 1312 1698 Atqui

734 1700 786 1732 Sic
799 1701 897 1732 habet
909 1713 920 1732 :
933 1703 1018 1744 saepe
1034 1704 1172 1734 verbum
1187 1703 1308 1742 habeo,

730 1755 767 1779 ut
792 1748 879 1791 aphd
906 1750 1036 1782 Graeeos
1059 1749 1094 1782 τὸ
1123 1750 1222 1792 ἔχειν,
1248 1762 1310 1793 pro

730 1796 832 1827 verbo
843 1820 851 1835 ‚
869 1808 959 1834 sum,
978 1805 1173 1840 usurpatur;
1198 1798 1244 1829 ἱεὰ
1260 1810 1310 1830 res

729 1851 785 1875 est,
808 1844 956 1876 Notanda
977 1846 1013 1875 in
1026 1856 1064 1876 eo
1087 1846 1160 1877 loco
1175 1856 1225 1876 ars
1240 1847 1310 1876 exi—

727 1892 790 1921 mia
806 1891 870 1932 quii
884 1892 1056 1923 delicatum
1064 1895 1310 1931 Maecenatisen·

728 1939 871 1969 comium
889 1950 930 1970 ex
949 1948 1139 1981 argumento
1158 1941 1244 1971 mere
1260 1951 1311 1971 sa-

728 1986 820 2016 tirico
836 1988 955 2019 Noster
967 1989 1064 2020 eruit.
1082 2006 1130 2012 —
1146 1988 1310 2019 Ace-endis

727 2033 828 2074 quare*
850 2034 981 2075 cupiam
1007 2046 1019 2065 .·
1052 2045 1127 2077 pro,
1157 2034 1310 2075 accendis

729 2087 782 2117 ut,
799 2087 858 2113 etc.
874 2083 1001 2121 Majore
1011 2083 1221 2113 Maecenatem
1235 2093 1310 2124 pro-

727 2124 802 2169 pihe
816 2128 998 2168 invisendi,
1018 2137 1050 2160 et
1064 2141 1140 2161 cum
1159 2140 1198 2160 eo
1215 2128 1309 2159 fami-

727 2175 850 2205 liariter
888 2177 1104 2208 conversandi
1132 2175 1309 2218 cupiditate

728 2233 778 2254 me
792 2222 983 2255 inflammas.
1005 2242 1051 2247 -
1070 2226 1151 2265 Quae
1166 2231 1223 2254 tna
1241 2223 1310 2253 vir-
