1422 2528
193 135 256 166 156

581 140 621 179 Q.
647 139 831 170 HoRATn
855 118 1008 172 FLAcci

293 197 466 244 Meaeque
479 202 582 232 terra
601 196 707 233 cedet
725 196 948 234 insolentiae.
1343 208 1374 241 7⁵

293 258 351 291 An
362 284 371 300 ,
385 268 469 304 quae
488 268 641 293 movere
660 269 788 294 cereas
801 257 982 307 imagines
998 265 1045 305 ¹⁷,

293 317 346 351 Ut
365 315 444 364 ipse
460 315 560 353 nosti
578 316 774 363 curiosus,
798 324 835 353 et
855 319 945 367 polo

293 375 478 424 Deripere
495 376 623 413 lunam
643 376 802 414 vocibus
818 378 959 427 possim
974 378 1085 425 meis,

293 434 436 470 Possim
450 445 636 472 crematos
655 436 822 473 excitare
841 445 1012 474 mortuos
1030 436 1078 484 ¹⁸,

292 493 544 543 Desiderique
558 503 770 545 temperare
785 497 985 546 poculum,
1339 507 1371 530 80

292 554 440 591 Plorem
461 555 571 601 artis,
587 555 627 591 in
644 563 679 592 te
695 555 747 592 nil
766 556 928 605 agentis,
943 556 1112 593 exitum?

184 712 288 732 comes
312 702 446 732 indivisa
457 725 466 739 ‚
483 710 521 732 ut
535 713 632 744 eques
653 714 752 744 equo,

183 749 335 779 insistam.
359 766 403 772 —-
426 750 572 790 Meaeqne
599 757 683 779 terra
706 761 753 780 ce-

183 794 238 824 det
254 793 431 825 insolentiae
443 806 453 824 :
465 795 543 836 quid
556 794 751 827 dissimulare

182 839 344 880 prodesset
389 841 476 871 hunc
519 852 647 872 versum
686 842 750 873 tam

183 885 333 916 diversas·
352 888 630 928 interpretationes
663 898 750 918 acce-

181 933 263 972 pisse
274 955 282 969 ,
307 939 343 962 ut
357 933 558 963 obscuritatis
574 933 687 963 merito
700 945 748 964 ar-

181 978 237 1018 gui
254 979 363 1019 possit.
377 979 443 1010 Alii
455 979 619 1010 Canidiam
637 980 750 1010 volunt

180 1025 340 1062 nuntiare,
354 1036 386 1055 se
396 1048 404 1063 ,
415 1032 451 1055 nt
460 1026 597 1066 graviori
609 1026 749 1066 pondere

179 1068 324 1101 inimicos
333 1070 479 1101 humeros
488 1079 620 1112 premat,
631 1072 670 1101 in
678 1083 747 1102 aera

179 1125 295 1157 corpus
317 1128 410 1148 suum
426 1117 641 1155 sublaturam;
664 1125 746 1148 terra

177 1161 280 1200 enim,
300 1164 472 1204 inquiunt,
499 1164 630 1194 cuilibet
651 1165 684 1194 in
706 1165 747 1195 al-

176 1214 246 1238 tum
266 1219 298 1239 se
320 1209 457 1246 levanti,
481 1210 564 1239 cedit
592 1210 642 1240 vel
656 1221 741 1240 rece-

174 1252 239 1292 dit;
265 1255 351 1296 quod
377 1256 486 1292 nobis,
505 1256 531 1285 si
557 1265 630 1286 vera
651 1257 741 1287 fateri

172 1299 258 1338 licet,
273 1312 340 1331 nou
354 1301 527 1332 absurdum
538 1301 633 1343 magis
645 1302 742 1343 qnam

172 1346 346 1377 ridiculum
364 1348 500 1379 videtur.
511 1349 587 1385 Alii,
604 1359 677 1378 cum
693 1359 741 1378 ra·

173 1393 262 1423 tione
280 1393 406 1434 quidem
418 1417 426 1432 ‚
439 1394 494 1424 sed
511 1405 579 1424 non
597 1404 669 1424 cum
684 1395 741 1425 ob-

172 1439 226 1469 vio
249 1439 421 1471 verborum
436 1451 531 1471 sensu
546 1440 644 1480 magis
664 1451 740 1471 con-

173 1485 304 1523 cordes,
334 1486 536 1528 intelligunt:
563 1488 660 1516 Terra
682 1498 741 1528 ag-

172 1540 282 1562 noscet
305 1539 337 1562 et
356 1532 739 1563 reverebiturinsolentem

172 1587 278 1608 meam
294 1579 492 1619 potentiam,
517 1579 551 1609 h.
577 1590 604 1609 e.
631 1587 740 1620 poten-

171 1624 247 1654 tiam
278 1625 457 1662 insolitam,
498 1625 619 1655 nemini
650 1626 739 1656 alteri

172 1679 363 1701 concessam.
381 1670 463 1702 Cum
485 1671 570 1701 inter
591 1671 668 1701 duas
693 1673 740 1701 in-

170 1718 425 1758 terpretationes,
458 1727 593 1758 quarum
625 1724 738 1747 neutra

169 1762 283 1803 placet,
298 1764 411 1805 eligere
427 1774 551 1793 necesse
561 1763 665 1794 tamen
677 1764 737 1801 sit,

171 1809 206 1838 in
220 1808 305 1839 hanc
321 1810 532 1850 posteriorem
542 1820 616 1840 cum
629 1810 736 1839 Dacic-

171 1854 239 1892 rio,
266 1857 347 1887 Ren.
370 1855 478 1892 miset,
498 1862 528 1885 et
543 1857 630 1886 Dara
645 1855 739 1887 incli-

169 1909 245 1931 nare
258 1912 317 1932 nos
335 1911 401 1931 non
416 1900 636 1932 diffitebimur.

220 1956 271 1986 17.
291 1949 364 1985 An,
392 1958 463 1988 quae
487 1958 609 1977 movere
631 1957 739 1977 cereas

170 1990 330 2034 imagines
348 2004 360 2023 .·
386 2003 489 2024 cereas
508 1993 628 2035 effigies
651 1994 739 2034 Sagis

168 2037 232 2068 illis
259 2038 394 2069 formare
418 2049 488 2070 mos
515 2046 599 2076 erat,
622 2039 738 2080 quibus

169 2084 350 2123 absentem,
374 2096 469 2126 quem
490 2087 650 2116 incantare
673 2085 738 2115 vel-

168 2130 253 2170 lent,
267 2132 546 2173 repraesentabant‚
564 2138 595 2161 et
608 2131 739 2161 effeetus

277 2232 291 2240 α

806 705 1031 735 incantationis
1049 715 1105 746 per
1118 705 1308 736 mutationes
1322 717 1372 737 co-

804 751 881 781 loris
898 752 1042 792 proditos
1056 751 1240 792 dignoscere
1255 763 1287 782 se
1300 763 1370 782 mu-

803 797 895 827 lieres
917 799 985 828 istae
1010 796 1158 828 veneficae
1179 797 1370 828 arbitraban-

804 850 867 874 tur.
894 845 984 874 Hane
1011 844 1266 885 superstitionem
1288 851 1371 874 trac-

803 895 950 919 taverunt
978 890 1166 920 Theocritus
1177 912 1185 927 ,
1223 891 1271 927 11,
1307 891 1371 928 28;

801 935 975 977 Virgilius,
993 936 1101 977 Eclog.
1126 937 1225 974 vm,
1255 936 1316 974 80,
1339 943 1370 966 et

802 982 981 1019 Voltarius,
1006 981 1157 1013 Henriad.
1186 984 1227 1012 V.
1254 999 1301 1005 —-
1329 983 1370 1012 Ue

802 1026 867 1067 1'p5e
883 1027 967 1057 nosti
986 1029 1124 1058 curiosus
1138 1038 1148 1057 :
1169 1034 1206 1057 ut
1222 1028 1367 1069 ignorare

799 1083 867 1102 non
883 1080 989 1114 potes,
1009 1081 1060 1112 tu,
1083 1075 1139 1115 qui
1159 1075 1290 1104 nocenti
1312 1083 1366 1104 cu-

799 1119 940 1149 riositate
955 1120 1130 1160 impulsus,
1146 1119 1226 1149 mihi
1243 1119 1366 1150 inferna

798 1167 950 1206 mysteria
980 1166 1153 1196 celebranti
1172 1166 1364 1206 improvisus

797 1212 1002 1250 supervenire
1025 1222 1119 1242 ausus
1140 1222 1183 1242 es.
1212 1227 1258 1234 —--
1283 1211 1362 1241 Polo

794 1256 937 1296 deripere
971 1258 1081 1288 lunam
1108 1268 1119 1288 .·
1148 1257 1222 1288 vide
1247 1255 1359 1298 supra,

792 1303 893 1343 Epod.
905 1304 948 1340 V,
967 1304 1020 1340 46.

845 1359 857 1378 1
866 1350 896 1380 8.
908 1350 1030 1379 Possim
1050 1355 1206 1379 crematos
1219 1348 1364 1379 excitare

794 1402 932 1425 mortuos
953 1406 964 1425 .·
989 1393 1160 1436 amplificat
1177 1401 1363 1436 potestatem

793 1451 897 1480 suam,
930 1440 1022 1480 cnm,
1042 1437 1127 1471 ‘nou
1151 1439 1257 1471 solum
1281 1450 1364 1471 mor-

796 1494 886 1525 tuos,
913 1488 967 1518 sed
989 1498 1042 1518 eos
1060 1487 1146 1528 ipsos
1167 1487 1202 1517 in
1225 1487 1362 1516 cinerem

793 1533 937 1564 redactos
945 1534 983 1564 ad
995 1536 1090 1564 vitam
1100 1542 1250 1563 revocare
1257 1539 1361 1573 queat.

792 1579 860 1618 Sic,
876 1579 960 1620 apnd
975 1580 1125 1615 Statium,
1140 1578 1292 1610 Thebaid.
1304 1580 1360 1615 lv,

794 1626 870 1664 507,
888 1627 1023 1657 Tiresias
1042 1625 1183 1655 eamdem
1205 1625 1361 1656 Colchicis

790 1673 876 1714 Sagis
904 1673 1078 1712 potentiam
1094 1671 1227 1708 tribuit3
1250 1667 1368 1701 Nostrz‘

791 1729 866 1748 cura
881 1719 998 1755 minor,
1015 1718 1043 1748 si
1055 1728 1119 1747 non
1132 1717 1277 1747 attollere
1291 1716 1358 1746 bus-

789 1764 828 1794 tis
849 1765 988 1805 Corpora
998 1787 1008 1801 ,
1027 1773 1085 1793 nec
1088 1763 1206 1804 plenas
1219 1762 1360 1802 antiquis

791 1810 910 1840 ossibus
924 1820 1020 1840 urnas
1034 1811 1183 1852 Egerere.
1195 1832 1204 1840 .
1215 1831 1224 1840 .
1235 1832 1244 1841 .
1264 1808 1359 1838 libet?

789 1874 836 1880 --
865 1853 1072 1897 Βεςίάενῖᾳιιε
1100 1862 1276 1895 temper-ane
1302 1864 1356 1894 po-

790 1903 904 1934 culum.
960 1903 1178 1942 Campanae,
1226 1901 1358 1931 miscere

790 1948 944 1989 philtrum
961 1958 1028 1988 quo
1046 1957 1138 1977 emor
1155 1954 1188 1977 et
1208 1945 1357 1987 potiundi

791 1994 982 2024 desiderium
1015 1995 1182 2024 excitetur.
1212 2009 1259 2017 ·-
1286 1992 1357 2022 Plo-

791 2051 856 2070 rem
884 2040 979 2076 artis,
1014 2039 1046 2069 in
1075 2046 1106 2069 te
1131 2038 1179 2069 nil
1207 2036 1353 2080 agentis,

792 2086 912 2117 exitum
924 2090 941 2116 Ρ
957 2085 1105 2116 adversus
1121 2091 1151 2115 te
1166 2094 1268 2115 unum
1281 2085 1354 2115 viri-

791 2133 853 2163 bus
870 2139 901 2164 et
915 2138 1070 2174 potestate
1080 2130 1254 2162 destituar?

502 2266 1017 2288 -ώθμ-
