1422 2528
152 136 193 166 83
531 142 572 182 Q.
597 142 780 173 HORATH
803 132 970 176 FLAccr

255 197 324 234 vel
344 209 439 246 agna
455 198 557 235 festis
577 211 672 236 caesa
682 200 976 250 Terminalibus,

359 258 430 306 vel
450 257 581 294 haedus
599 267 752 309 ereptus
767 260 870 311 lupo.
1303 274 1336 298 συ

255 318 333 353 Has
351 316 450 354 inter
466 319 617 367 epulas,
637 329 678 357 ut
695 320 804 370 juvat
825 327 853 343 ¹²
871 328 996 371 pastas
1013 334 1103 360 oves

357 375 497 413 Videre
517 388 764 429 properantes
781 379 953 418 domum!

253 433 392 472 Videre
412 435 528 473 fessos
549 448 740 474 vomerem
758 438 952 476 inversum
970 439 1089 477 boves

358 494 465 531 Collo
484 495 675 532 trahentes
694 497 892 548 languido!

252 553 472 603 Positosque
487 567 639 602 vernas,
656 557 743 594 ditis
759 571 916 596 examen
935 559 1068 597 domas
1078 587 1090 604 ,
1302 568 1334 592 6⁵

355 613 507 652 Circum
526 616 740 655 renidentes
757 620 892 656 Lares!

252 727 342 762 Haec
362 724 429 762 ubi
447 727 594 763 locutus
611 728 802 766 fenerator
821 730 940 768 Alfius
959 729 1005 777 ¹3,

354 787 512 837 Jamjam
529 787 678 826 futurus
693 790 872 837 rusticus,

141 1022 176 1053 Ia
194 1033 306 1053 mauve
315 1023 339 1065 ).
364 1025 412 1054 De
435 1022 546 1054 effidem
569 1025 708 1057 Martial.

142 1071 192 1107 X,
218 1070 272 1106 48,
292 1080 308 1116 7
332 1079 340 1100 ε
357 1071 602 1101 Exoneraturas
626 1082 710 1102 ven·

140 1123 217 1145 trem
233 1115 313 1146 milu'
318 1116 437 1146 villica
448 1117 570 1147 malvas
580 1118 707 1150 Attulit.

139 1179 186 1186 --
201 1163 262 1192 Vel
273 1161 470 1204 agnafestis
487 1175 570 1194 eaesa
591 1165 710 1194 Termi-

140 1208 288 1239 nulibus:
310 1209 388 1239 festa
415 1210 450 1239 in
476 1210 634 1240 honorem
657 1210 709 1241 dei

139 1255 282 1285 Termini
306 1265 414 1285 mense
442 1255 601 1286 februario
633 1257 709 1287 cele-

140 1300 330 1331 brabantur.
344 1301 420 1332 Vid.
440 1302 536 1332 Ovid.
553 1304 636 1333 Fast.
653 1305 686 1332 11
697 1326 705 1341 ,

142 1347 209 1388 639
231 1354 263 1377 et
279 1357 349 1388 sqq.
361 1365 415 1373 --
424 1347 485 1377 Vel
493 1347 602 1378 hez-clus
620 1359 707 1388 erep-

140 1401 188 1424 tus
204 1394 278 1434 lupo
290 1403 302 1423 .·
320 1393 365 1423 sic
387 1393 515 1434 frugalis
539 1404 637 1424 coenae
652 1405 706 1435 ap-

139 1447 287 1481 paratum
306 1439 486 1470 describens
500 1441 638 1472 Martial.
655 1443 703 1479 X,

142 1487 205 1524 48,
236 1488 297 1518 13:
328 1483 400 1516 Und
419 1494 559 1526 ponetur
579 1488 707 1517 coenula

141 1530 254 1563 men-sd
274 1533 404 1568 Haedus,
419 1532 589 1564 inhumani
600 1542 708 1574 raptus

141 1572 250 1610 ab'ore
276 1579 364 1620 lapi:
382 1578 493 1609 haedus
514 1580 611 1621 igitur
639 1581 707 1610 vul-

140 1632 288 1664 neratus,
312 1635 372 1656 nec
401 1625 467 1664 jam
492 1626 626 1666 integer,
650 1627 707 1667 qui

141 1670 269 1702 aliunde
284 1673 445 1713 periturus
471 1671 594 1707 fuisset,
612 1683 708 1713 quem

140 1717 238 1760 igitur
248 1719 380 1748 minimo
389 1717 511 1748 haedilis
518 1720 620 1749 nostri
627 1719 711 1750 dam-

141 1775 187 1796 no
201 1764 366 1795 comedere
383 1765 503 1795 licebit.

194 1821 246 1842 12.
270 1812 339 1841 Has
366 1810 449 1840 incer
470 1811 581 1851 epulas
605 1819 641 1842 ut
658 1811 711 1853 ja-

141 1865 214 1894 vat,
231 1864 291 1888 etc.
311 1867 319 1888 τ
342 1858 538 1887 suavissimas
552 1858 621 1888 illas
643 1869 710 1888 rus-

141 1905 212 1934 ticae
223 1904 297 1934 vitae
315 1904 466 1944 imagines
481 1903 629 1945 graphica
644 1915 708 1935 ves-

139 1950 257 1991 pertini
289 1950 461 1990 spectaculi
494 1949 706 1991 descriptione

141 1996 265 2038 egregie
293 1996 460 2026 concludit
480 1995 595 2027 Alfius.
622 1996 710 2028 Nihil

140 2043 176 2073 in
190 2042 243 2072 illa
264 2042 389 2083 pictura
404 2053 471 2073 non
486 2043 628 2083 perfecti,
641 2053 709 2074 non

141 2088 281 2119 absoluti
294 2095 351 2119 est.
367 2088 507 2119 Attende
520 2089 615 2130 quam
631 2089 708 2119 doc-

141 2133 173 2166 ui
191 2136 392 2177 oppositione
411 2135 525 2166 ovibus
541 2135 603 2165 illis
627 2135 708 2166 bene

141 2183 257 2222 pastis,
275 2188 307 2212 et
323 2181 396 2212 ideo
419 2181 557 2212 reditum
581 2181 620 2212 ad
648 2189 708 2213 sta-

763 1025 838 1056 bula
874 1026 945 1056 laete
968 1028 1214 1060 accelerantibus
1225 1052 1234 1068 ,
1260 1031 1332 1062 sub-

760 1073 872 1114 jungat
880 1073 979 1103 boves
987 1073 1059 1104 illos
1067 1097 1077 1113 ,
1091 1074 1209 1107 diurno
1221 1076 1330 1109 iabore

763 1118 932 1149 exhaustos
942 1141 951 1156 ,
972 1120 1062 1150 tardo
1078 1121 1158 1162 pede
1179 1123 1330 1154 inceden-

763 1170 820 1200 tes,
833 1171 863 1194 et
881 1164 964 1195 collo
979 1165 1126 1207 depresso
1144 1178 1210 1208 prae
1225 1169 1330 1210 fatiga-

762 1211 860 1247 tione,
874 1211 1031 1242 trahentes
1046 1213 1127 1255 aegre
1141 1221 1174 1244 et
1184 1215 1273 1255 qnasi
1282 1217 1330 1246 in·

760 1256 842 1285 vitos
851 1266 990 1286 aratrum
1004 1259 1097 1296 cujus
1109 1268 1219 1290 vomer
1229 1267 1275 1292 est
1283 1262 1332 1291 in·

759 1311 882 1332 versus,
894 1303 975 1330 —V
971 1299 1067 1333 ernas
1077 1314 1088 1334 :
1100 1315 1210 1343 verna,
1222 1316 1331 1338 servus

759 1354 825 1378 erat
839 1347 927 1378 domi
935 1355 1086 1380 natus.—
1096 1350 1180 1381 Ditis
1190 1362 1330 1383 examen

758 1392 870 1423 domds
878 1405 889 1423 .·
901 1394 1068 1436 Turbaque
1077 1407 1265 1435 vernarum,
1278 1409 1330 1429 sa-

760 1440 824 1470 turi
835 1440 919 1470 bona
931 1440 1027 1482 signa
1041 1439 1167 1480 ebloni,-
1184 1443 1258 1476 Tib.
1275 1446 1308 1475 11
1317 1467 1327 1483 ‚

764 1496 793 1523 1,
815 1488 869 1518 23.
895 1505 941 1510 ——-
957 1487 1080 1519 Positos
1107 1489 1225 1520 circam
1247 1491 1329 1522 reni-

759 1532 871 1563 dentes
889 1535 982 1564 Lares
991 1544 1002 1563 :
1017 1536 1144 1565 Larium
1158 1542 1274 1568 statuas
1288 1537 1328 1568 ab

759 1580 832 1620 igne
841 1578 964 1610 circum
975 1591 1105 1612 accenso
1117 1582 1307 1624 refulgentes
1317 1606 1327 1622 ‚

761 1636 904 1667 quosque
917 1637 1087 1659 numerosa
1106 1628 1206 1659 ambit
1222 1639 1327 1661 nervo-

763 1682 834 1701 rum
849 1683 976 1704 corona.

815 1719 865 1749 13.
877 1719 955 1749 Haec
969 1719 1152 1750 ubilocntus
1159 1719 1329 1761 fenerator

764 1764 812 1794 Al
832 1775 867 1794 as
898 1776 909 1794 .·
937 1764 1002 1796 vid.
1020 1767 1263 1807 Argumentum.
1281 1785 1327 1791 -—

763 1810 909 1852 Jamjam
922 1811 1052 1853 ficturus
1077 1811 1208 1843 rusticus
1222 1824 1234 1843 .·
1261 1814 1326 1844 iro-

764 1857 854 1894 nice3
882 1856 986 1888 Alfius
1019 1867 1114 1898 quem
1143 1859 1266 1890 sincero
1294 1866 1330 1890 et

762 1903 872 1933 vivido
897 1903 1110 1934 rusticationis
1134 1914 1239 1935 amore
1257 1915 1329 1947 cap-

763 1955 832 1978 tum
844 1972 852 1987 ‚
868 1960 922 1980 rus
942 1949 1028 1980 illico
1049 1951 1258 1990 migraturum
1279 1952 1328 1990 ju-

763 2005 857 2026 rares.
867 2013 914 2019 —-
931 1997 1066 2026 Omnem
1083 1996 1201 2038 redigit
1217 1997 1327 2028 Idibus

757 2042 930 2082 pecuniam
948 2053 959 2073 .·
982 2043 1150 2084 pecuniam
1178 2053 1248 2084 quae
1279 2044 1328 2074 in·

761 2089 847 2129 genti
871 2087 967 2119 usui-2¹⁴1
990 2087 1190 2119 debitoribus
1209 2089 1327 2120 credita

760 2134 881 2173 fuerat,
902 2132 1005 2165 media
1026 2135 1141 2164 mensis
1166 2142 1255 2176 parte
1272 2137 1327 2166 vix

761 2179 885 2222 elapsa,
920 2181 1043 2222 exegit3
1076 2190 1142 2221 quo
1168 2181 1325 2213 consilio?
