1422 2528
131 132 172 162 36

573 111 650 163 ΜΞ.
675 133 722 162 1v
746 132 832 176 oms
851 131 926 163 vn.

123 190 255 227 Gratia
269 202 355 226 cum
376 189 561 239 Nymphis
583 189 814 239 geminisque
831 187 1027 226 sororibus
1051 186 1165 225 audet
1300 198 1313 222 ⁵

338 252 489 286 Ducere
507 249 610 286 nuda
630 249 780 286 choros.

125 309 357 346 Immortalia
373 323 420 346 ne
441 321 569 360 speres
585 317 713 346 monet
729 322 849 346 annus
866 317 899 357 ²,
915 317 952 346 et
969 309 1108 346 almum

338 371 432 414 Quae
452 368 552 418 rapit
566 368 664 405 hora
678 368 791 406 diem.

123 427 281 477 Frigora
301 429 502 466 mitescunt
521 428 704 478 Zephyris
721 427 758 475 33
776 441 845 465 ver
862 427 1025 478 proterit
1045 436 1152 465 aestas

335 489 541 526 Interitura
549 518 560 535 ‚
580 489 692 526 simul

1284 505 1313 520 10

123 549 290 586 Pomifer
308 559 512 586 autumnus
526 549 652 599 fruges
668 548 864 595 effuderit,
879 556 918 585 et
936 547 1027 594 mox

333 612 474 646 Bruma
489 608 651 645 recurrit
673 608 787 646 iners.

124 671 271 706 Damna
292 669 415 706 tamen
431 670 571 707 celeres
589 676 769 718 reparant
784 667 950 704 coelestia
963 667 1060 703 lunae
1080 668 1108 712 ¹2;

122 828 288 860 concludit
313 837 321 859 ε
344 830 413 860 Nec
429 827 529 871 fluvii
552 835 696 870 strepunt

124 877 158 905 H
150 873 278 915 ybernc‘z'
287 874 357 905 nive
373 875 502 918 turgidi.
515 893 562 898 --
581 875 694 906 Gratia

123 931 195 952 cum
213 921 370 962 Nymphis
385 921 586 964 geminisque
611 932 694 951 soro-

123 966 204 998 ribus
215 968 314 998 audet
324 969 447 998 Ducere
458 968 545 998 nuda
559 967 691 998 chorus.-

124 1013 266 1044 eamdem
291 1015 460 1055 imaginem
487 1014 599 1045 iisdem
629 1014 693 1044 fere

124 1060 229 1090 verbis
245 1059 311 1098 jam
330 1061 378 1090 bis
394 1063 509 1092 Noster
527 1061 692 1102 expressit.

124 1106 199 1137 vid.
211 1105 307 1147 supra
318 1129 327 1143 ,
343 1106 404 1138 Od.
424 1110 457 1144 1,
473 1113 493 1143 4
504 1129 512 1144 ,
533 1107 565 1144 6,
578 1113 610 1136 et
625 1108 691 1142 111,

119 1163 132 1182 1
145 1163 166 1193 9
177 1175 185 1191 ,
211 1162 262 1190 17.
276 1151 358 1182 Vide
379 1164 509 1194 quoque
533 1159 626 1183 notas
652 1152 691 1182 ad

122 1198 181 1229 hos
195 1198 295 1229 locos.

170 1255 202 1276 2.
221 1243 423 1275 Immortalia
442 1254 483 1274 ne
499 1254 604 1285 speres
618 1255 685 1274 mo-

124 1298 179 1321 net
193 1301 297 1320 annus
313 1301 324 1320 :
339 1291 406 1321 sive
424 1290 512 1331 quod
531 1301 588 1331 per
602 1292 687 1331 rapi-

123 1337 282 1367 dissimam
297 1343 518 1377 tempestatum
535 1338 690 1367 vicissitu-

122 1383 230 1414 dinem
256 1382 295 1413 de
315 1383 470 1413 brevitate
493 1384 566 1413 vitae
590 1389 621 1413 et
651 1383 690 1413 de

123 1431 233 1460 mortis
248 1429 558 1470 appropinquatione
576 1428 691 1470 saepiils

122 1475 370 1513 admoneamur,
399 1474 495 1515 quam
533 1476 560 1505 si
589 1485 691 1505 annus

122 1522 235 1563 aequali
244 1528 357 1551 tenore
370 1521 496 1561 sibique
514 1532 637 1562 semper
649 1522 690 1551 si-

123 1568 208 1598 milis
226 1567 360 1604 flueret3
377 1567 444 1597 sive
462 1567 586 1608 potius,
603 1567 690 1608 quod

123 1615 350 1645 continuarum
376 1613 504 1643 illarum
529 1614 688 1643 vicissitu-

124 1661 238 1691 dinum
253 1659 519 1700 contemplatione
533 1659 573 1689 ad
588 1659 622 1688 id
636 1657 689 1688 ad-

124 1707 291 1744 ducamur,
302 1712 338 1735 ut
347 1713 531 1747 perpetuam
540 1707 691 1744 juveutu-

124 1754 163 1783 tis
192 1754 370 1793 viriumque
396 1758 575 1782 nostrarum
587 1774 595 1789 ‚
625 1752 692 1782 sine

125 1797 189 1829 ulla
205 1798 325 1829 reditus
344 1808 398 1839 spe
409 1820 417 1835 ‚
432 1799 690 1828 imminutionem

125 1852 244 1875 aeterno
260 1847 390 1875 Naturae
410 1845 511 1886 vigori
532 1845 581 1874 vel
597 1845 690 1873 iuviti

125 1901 332 1932 oppononere
354 1901 512 1933 cogamur,
537 1900 608 1931 quae
636 1889 689 1920 da-

125 1947 199 1968 mna
213 1947 267 1967 sua
281 1936 497 1968 indesinenter
510 1938 691 1977 reparat.—

125 2001 171 2007 -·
187 1985 232 2013 Ec
254 1984 375 2013 almum
404 1986 483 2024 Quae
510 1982 597 2024 rapit
610 1981 690 2012 hora

126 2030 210 2060 diem
220 2041 231 2060 .·
249 2029 325 2060 nam
343 2036 380 2060 nt
395 2040 496 2060 annus
508 2031 543 2059 in
555 2035 691 2070 quatuor

127 2083 326 2117 tempestates
354 2075 560 2113 distributus,
590 2075 634 2105 sic
662 2082 694 2105 et

127 2121 238 2153 eadam
257 2123 380 2152 ratione
403 2131 602 2162 unaquaeque
628 2121 694 2151 dies

129 2170 163 2199 in
187 2176 324 2210 quatuor
342 2175 374 2199 et
393 2168 507 2209 viginti
529 2168 623 2198 horas
646 2167 693 2197 di-

130 2216 215 2253 visa,
236 2226 295 2246 nos
314 2214 353 2245 de
374 2214 487 2256 rapido
501 2214 514 2255 (
527 2214 612 2246 unde
627 2223 695 2244 rec-

748 828 882 865 tissime,
909 827 1031 869 rapt't)‚
1050 827 1200 868 temporis
1220 827 1313 858 fluxu

747 875 911 912 admone13
942 872 1030 915 qnod
1063 873 1193 914 quidem
1203 895 1213 911 ,
1241 875 1311 914 qui-

747 931 884 961 cumque
899 919 938 950 ad
951 921 1145 962 propositam
1158 919 1230 950 ante
1241 929 1314 950 ocu-

746 968 794 998 los
817 967 978 1007 horologii
1005 965 1169 1007 cuspidem
1193 965 1313 1006 aliqui-d

747 1014 823 1043 serii
838 1020 950 1054 agunt,
962 1012 1110 1043 facillime
1124 1011 1311 1053 intelligent.

794 1060 824 1091 3.
841 1059 974 1101 Frigora
998 1058 1167 1088 mitescunt
1186 1057 1310 1098 Zephy-

745 1105 788 1136 ris
798 1117 810 1135 :
824 1106 857 1135 iu
871 1112 1008 1145 quatuor
1023 1103 1167 1134 versibus
1175 1110 1313 1143 quatuor

744 1153 820 1181 anni
836 1157 1035 1191 tempestates
1044 1149 1201 1190 exquisita
1211 1150 1312 1180 brevi-

743 1203 808 1227 tate
818 1204 848 1227 et
858 1197 1054 1237 exquisitim-i
1063 1196 1257 1236 poeticarum
1267 1195 1312 1226 lo-

743 1244 910 1274 cutionum
923 1243 1071 1273 varietate
1086 1241 1309 1282 complectitur

742 1296 837 1320 vates.
852 1306 898 1313 —
911 1291 942 1318 V
939 1300 974 1319 er
981 1287 1116 1330 proterit
1129 1294 1246 1332 testas-t
1259 1286 1311 1316 de-

742 1336 829 1366 licati
863 1335 948 1366 enim
979 1345 1085 1366 verna:
1114 1334 1308 1374 tempestatis

742 1382 898 1420 honores,
928 1392 1007 1412 rosae
1053 1379 1146 1411 violae
1160 1403 1169 1417 ‚
1206 1377 1310 1409 liliaca

744 1428 896 1470 (gallice,
914 1428 959 1458 les
974 1427 1046 1458 Iilas
1053 1426 1078 1468 ).
1095 1426 1226 1456 narcissi
1235 1426 1308 1463 jun-

745 1475 844 1505 eifolii
870 1474 938 1516 (les
963 1472 1136 1515 jonquilles
1148 1470 1173 1512 ),
1191 1471 1310 1501 rabidis

743 1522 856 1552 aestatis
872 1520 1030 1550 caloribus
1050 1519 1140 1560 quasi
1159 1514 1310 1559 prosu-'ati

742 1561 888 1607 peteunt.
1223 1594 1251 1609 κ

791 1619 822 1649 4.
847 1614 980 1642 Damna
1003 1610 1112 1641 tamen
1129 1609 1247 1641 calma
1261 1619 1308 1638 re-

738 1666 863 1700 parant
874 1657 1014 1688 coelestia
1037 1657 1123 1687 hince
1135 1667 1147 1686 :
1160 1665 1231 1687 mun
1249 1653 1309 1684 dif-

744 1705 875 1735 fitemur
908 1703 996 1733 hunc
1034 1703 1144 1733 locum
1153 1723 1164 1739 ‚
1199 1700 1306 1740 Judiee

745 1751 908 1788 maciei-io,
920 1748 1156 1786 difficillimum,
1166 1746 1184 1777 ὲ
1196 1747 1309 1777 veteri·

744 1798 805 1828 bus
820 1795 1048 1838 interpretibus
1057 1816 1066 1831 ‚
1087 1793 1198 1824 eodem
1211 1799 1306 1830 teste,

744 1843 788 1874 ob
803 1844 904 1884 ipsam
923 1840 1144 1871 difficultatem
1153 1840 1306 1870 omissum

742 1897 774 1920 et
786 1890 912 1919 silentio
925 1889 1119 1929 praeteritum
1129 1908 1138 1923 ‚
1152 1885 1307 1916 diversam

743 1936 782 1966 ab
797 1934 833 1966 ea
848 1944 942 1976 quam
961 1931 1171 1974 adoptandam
1185 1932 1308 1961 censui-

742 1992 829 2018 mus,
845 1981 863 2011 a
882 1981 947 2011 fere
968 1980 1125 2010 universis
1149 1978 1306 2008 recentio-

743 2027 831 2058 ribus
858 2025 1099 2057 annotutoribus
1118 2025 1306 2064 interpreta-

746 2075 864 2104 tionem
878 2072 1043 2114 accepisse.
1058 2072 1190 2101 Damna
1202 2069 1308 2099 eoeles-

747 2120 792 2151 tia
817 2119 1000 2161 intelligunt
1025 2117 1181 2148 alternum
1212 2115 1309 2146 aetatis

747 2167 902 2207 cujusque
929 2174 1040 2195 aunuae
1068 2165 1122 2194 cui
1149 2162 1208 2192 alia
1238 2167 1309 2192 aetas

749 2213 889 2243 succedit
903 2212 1082 2248 interitum,
1099 2208 1143 2240 ita
1156 2215 1194 2239 ut
1209 2208 1311 2238 tamen
