1422 2528
96 123 136 152 32

476 126 516 165 Q.
542 123 725 156 HORATII
749 123 901 156 FLACCI

200 179 284 225 Ille,
301 191 377 216 non
394 179 559 218 inclusus
578 193 676 231 equo
695 181 710 210 4
734 181 918 232 Miqervae

200 241 315 276 Sacra
333 240 490 277 mentito
501 268 518 299 ζ
530 241 627 277 male
646 241 799 277 feriatos

199 301 336 346 Troas,
356 307 393 336 et
411 299 533 336 laetam
553 299 691 336 Priami
707 299 858 337 choreis
1251 306 1280 331 1⁵

407 359 567 396 Falleret
579 359 702 396 aulam
712 371 723 404 ;

199 417 272 455 Sed
291 418 415 467 palam
433 417 447 440 ⁵
468 418 587 468 captis
602 418 743 468 gravis,
766 418 841 455 heu
860 418 979 456 nefas!
1001 415 1094 455 heu!

198 477 353 514 Nescios
370 477 439 514 fari
454 490 594 527 pueros
611 478 766 515 Achivis

198 537 337 574 Ureret
355 537 530 584 flammis,
553 539 667 575 etiam
684 539 840 575 latentes

408 598 541 636 Matris
561 598 599 634 in
615 599 719 643 alvo3
1249 612 1279 628 20

202 657 271 702 Ni,
291 658 364 695 tuis
379 658 503 695 victus
521 658 757 707 Venerisque
773 665 888 706 gratae

199 716 366 755 Vocibus
384 718 411 764 ⁶,
436 719 577 756 Divum
597 727 706 768 pater
719 717 911 755 annuisset

200 777 328 814 Rebus
347 779 474 814 AEneae
493 778 644 828 potiore
658 778 792 815 ductos

406 837 506 874 Alite
526 849 666 874 muros.

199 896 343 932 Doctor
358 905 501 946 argutae
518 896 653 933 fidicen
673 895 816 933 Thaliae
837 904 871 942 7,
1244 903 1276 928 2⁵

198 954 339 993 Phoebe
351 984 361 1004 ,
381 956 447 1006 qui
464 955 619 993 Xantho
635 956 727 993 lavis
743 967 850 993 amne
864 954 1004 1000 crines,

95 1132 183 1174 quod
201 1143 234 1163 ea
250 1132 366 1175 Stygiis
382 1135 471 1175 aquis
484 1135 581 1165 tincta
593 1146 660 1167 non

95 1179 219 1217 fuisset,
233 1178 305 1211 cum
323 1182 358 1211 iu
376 1181 414 1210 iis
433 1182 591 1222 reliquum
610 1183 660 1212 in-

97 1225 191 1256 fantis
214 1236 330 1267 corpus
356 1234 465 1265 mater,
484 1227 597 1268 pedem
615 1229 662 1269 ip-

97 1282 167 1302 sum
192 1278 315 1310 tenens,
337 1273 489 1304 ablueret.
513 1274 662 1315 Sepultus

95 1324 143 1348 est
165 1318 201 1347 in
224 1319 334 1359 Sigeo,
348 1320 452 1358 Trojae
473 1327 662 1361 promonto-

96 1365 164 1402 rio,
179 1363 237 1394 ubi
257 1364 454 1405 Polyxenam
478 1366 544 1404 ejus
557 1367 661 1396 Mani-

94 1408 156 1440 bus
170 1409 312 1451 Pyrrhus
323 1411 508 1442 immolavit.
519 1413 541 1442 J
543 1422 660 1444 nvem:

142 1462 174 1493 4.
197 1455 279 1492 Ille,
301 1465 365 1486 non
387 1457 526 1487 inclusus
554 1469 661 1499 equo:

94 1501 134 1532 de
165 1503 330 1532 notissimo
354 1502 411 1533 illo
441 1513 523 1543 equo
554 1501 660 1544 ligneo

94 1536 224 1579 consule
234 1549 324 1589 Virg.
340 1549 464 1580 AEneid.
476 1550 527 1587 ΙΙ,
545 1550 608 1585 248
629 1557 660 1580 et

93 1604 181 1635 seqq.
207 1611 255 1616 -
282 1594 372 1624 Mal&
388 1594 529 1636 feriatos
557 1606 569 1625 .·
603 1597 659 1636 qui

91 1638 313 1681 imprudenter
332 1640 398 1670 dies
412 1640 507 1670 festos
522 1641 565 1671 ob
575 1642 660 1672 Grae-

93 1695 204 1716 corum
242 1684 412 1716 discessum
445 1685 656 1718 celebrarunt.

91 1749 138 1756 —
155 1731 353 1762 Fallerec—
370 1734 481 1763 Ureret
491 1743 503 1762 .·
520 1743 579 1773 pro
589 1755 598 1770 ,
615 1733 658 1763 fe—

91 1777 219 1808 fenisset
229 1800 238 1815 ‚
252 1779 395 1816 ussisset,
414 1785 452 1808 ut
468 1778 580 1819 supra,
593 1778 653 1810 Od.

92 1825 158 1862 111,
178 1820 236 1864 14,
255 1833 296 1863 27
320 1825 426 1856 :Non
448 1835 506 1866 ego
526 1824 656 1867 hocfi’r-

91 1879 170 1900 rem.

138 1916 168 1947 5.
184 1915 253 1946 Sed
258 1915 371 1956 palam
385 1927 396 1946 .·
410 1916 554 1957 publice,
571 1927 655 1958 aper-

90 1966 124 1990 to
141 1967 258 1998 marte,
282 1972 340 2002 per
363 1963 596 2004 oppositionem
616 1965 654 1994 iis

89 2016 162 2047 quae
177 2007 362 2049 praecedunt
377 2018 386 2039 :
402 2007 538 2039 inclusus
562 2020 652 2050 equo.

88 2069 136 2077 -
149 2053 257 2094 Captis
277 2053 384 2095 gravis
397 2065 407 2084 :
431 2055 466 2084 in
488 2055 591 2094 Trojae
619 2055 652 2085 vi

89 2106 188 2141 captae
206 2100 326 2130 incolas
344 2101 494 2131 atrociter
508 2102 649 2132 saeviens.

87 2145 362 2187 ——NNesciossari
373 2157 487 2187 pueros
503 2158 513 2175 .·
534 2154 570 2177 ut
587 2158 653 2188 pas-

87 2202 144 2222 sum
172 2192 257 2235 apud
277 2194 406 2225 Homer.
427 2190 523 2227 νήπιοι
545 2191 650 2224 ‘rin-tx.

714 1152 760 1159 —-
772 1134 880 1167 Etiam
912 1136 1047 1166 latentes
1083 1135 1198 1167 Macris
1238 1137 1271 1168 ih

714 1182 785 1212 alvo
814 1193 825 1212 .·
861 1181 1015 1220 ejusmodi
1056 1183 1157 1212 minas
1199 1183 1276 1222 jacit

714 1229 952 1269 Agamemnon,
989 1227 1079 1260 Iliad.
1118 1229 1184 1266 vt,
1220 1230 1273 1269 57.

715 1272 818 1315 Quam
833 1273 930 1316 igitur
944 1281 1050 1315 gratos
1067 1285 1099 1304 se
1114 1280 1147 1304 et
1159 1284 1278 1306 memo·

714 1330 764 1350 res
777 1319 850 1361 erga
865 1320 1050 1360 Apollinem
1061 1320 1211 1353 exhibere
1225 1321 1278 1352 de-

713 1366 790 1396 bent
803 1367 954 1404 Romani,
973 1367 1046 1408 qui,
1059 1365 1124 1397 tam
1131 1373 1274 1398 metuen-

715 1412 792 1442 dum
824 1413 968 1450 Trojanis
997 1412 1121 1443 hostem
1155 1412 1276 1444 interfl-

714 1457 842 1494 ciendo,
864 1458 993 1488 alterius
1021 1459 1142 1497 Trojae‚
1166 1461 1276 1491 Romae

713 1503 852 1540 scilicet,
872 1503 1022 1534 conditor
1034 1503 1202 1535 habendus
1219 1513 1276 1537 est.

757 1550 788 1581 6.
806 1549 959 1580 Vocibus:
976 1550 1134 1590 precibus.
1151 1567 1197 1575 —-
1215 1554 1276 1583 Re-

711 1593 766 1624 bus
779 1593 895 1626 AEneae
906 1607 918 1625 .·
932 1597 994 1636 ipsi
1005 1598 1127 1634 AEueae,
1136 1599 1201 1638 ,qui
1213 1608 1272 1635 res,

710 1639 743 1670 h.
773 1650 800 1671 e.
832 1641 994 1671 fortunam
1027 1642 1132 1680 Trojae
1167 1653 1275 1674 secum

711 1685 840 1716 advexit
865 1687 899 1717 in
926 1687 1058 1718 Italiam.
1083 1705 1131 1711 —-
1147 1689 1275 1720 Potiore

710 1731 819 1761 ductos
832 1732 918 1763 Alite
936 1743 1039 1763 muros
1051 1745 1062 1764 :
1079 1734 1192 1765 urbem
1210 1744 1275 1766 me-

708 1777 844 1808 lioribus
869 1780 1015 1820 auspiciis
1027 1786 1059 1810 et
1071 1780 1107 1810 in
1120 1787 1274 1812 aeternum

709 1823 881 1856 conditam.
899 1825 949 1856 Sic
967 1825 1073 1866 suprh,
1093 1825 1154 1858 Od.
1169 1827 1196 1865 1,
1213 1827 1254 1858 15
1264 1850 1273 1865 ‚

711 1869 731 1899 5
746 1878 754 1900 :
766 1868 860 1901 Mala
881 1870 968 1902 ducis
978 1871 1032 1901 avi
1041 1871 1180 1904 domum.

757 1927 787 1955 7.
797 1919 918 1948 Doceor
924 1917 1177 1960 argueoefidicen
1189 1918 1271 1949 Tha-

708 1961 760 1992 lioe
776 1973 787 1992 .·
802 1969 837 1993 tu
848 1985 857 2000 ‚
873 1962 891 1993 a
904 1973 969 2004 quo
987 1962 1111 2002 Thalia,
1126 1974 1185 2005 pro
1195 1964 1270 2006 quu-

706 2008 785 2039 libet
807 2007 866 2039 alia
890 2008 1004 2046 Musa,
1024 2017 1164 2051 argutos,
1184 2010 1217 2042 h.
1239 2022 1267 2042 e.

705 2055 816 2094 plenos
830 2062 862 2085 et
877 2062 1021 2096 potentes
1041 2055 1057 2085 ὲ
1082 2055 1151 2098 lyra
1173 2066 1269 2088 sonos

705 2101 817 2131 elicere
844 2101 965 2133 didicit.
986 2118 1032 2125 -
1057 2101 1121 2142 Qui
1136 2102 1279 2134 Xantho

705 2146 782 2177 lavis
812 2158 910 2178 amne
935 2147 1062 2179 crines.-
1084 2147 1150 2179 duo
1179 2156 1281 2179 eraut>

706 2193 846 2232 ejusdem
878 2194 1015 2225 nominis
1041 2204 1164 2234 amnes,
1191 2195 1269 2226 alter
