1422 2528
541 164 618 195 LIB.
642 165 674 194 V
698 164 786 196 ODE
811 164 855 194 V.
1243 172 1302 192 101

199 224 248 261 Et
265 222 387 262 otiosa
404 223 570 262 credidit
585 225 786 274 Neapolis,

308 287 357 322 Et
375 297 488 323 omne
506 285 676 325 vicinum
695 285 902 336 oppidum;

204 347 301 392 Quae
320 345 448 384 sidera
467 354 669 385 excantata
683 359 781 383 voce
799 346 999 394 Thessala,
1272 358 1305 384 ⁴·

311 409 537 458 Lunamque
551 407 647 444 coelo
673 406 828 458 deripit.

206 465 278 505 Hic
296 467 522 505 irresectum
539 480 640 505 saeva
657 467 771 505 dente
788 467 909 505 livido
920 496 930 515 ‚

204 531 206 533 ’
307 527 466 571 Canidia
484 527 626 565 rodens
641 527 819 578 pollicem
837 536 873 576 7,

203 587 308 635 Quid
327 587 449 626 dixit?
468 597 535 626 aut
549 588 644 638 quid
663 588 807 626 tacuit?
828 590 907 627 «O!
927 587 1043 627 rebus
1063 589 1157 627 meis
1176 590 1190 612 3

307 665 324 683 n
342 651 430 687 Non
452 649 625 686 infideles
642 648 818 696 arbitrae,
1275 660 1308 685 ευ

203 723 219 741 »
238 710 347 756 Nox,
362 718 400 747 et
416 710 559 756 Diana,
576 722 663 760 quae
676 710 869 747 silentium
886 711 1008 761 regis,

309 785 325 802 υ
344 771 496 807 Arcana
513 771 600 807 cnm
621 769 716 807 fiunt
734 782 863 818 sacra,

203 845 219 862 »
238 831 371 876 Nimc,
392 834 495 868 nnnc
515 830 663 869 adeste!
682 833 784 870 nilne
801 831 841 870 in
859 830 1018 870 hostiles
1036 831 1171 871 domos

94 1042 300 1074 hementibns
323 1042 431 1074 verbis
460 1044 664 1086 exprobrat:

94 1105 111 1117 κ
121 1091 262 1122 Feminae
275 1100 389 1120 eorum
411 1091 667 1122 immutaverunt

94 1151 111 1164 κ
126 1137 307 1168 naturalem
332 1147 429 1167 nsum
458 1138 494 1167 in
515 1148 589 1168 eum
611 1139 667 1179 qui

92 1195 110 1211 α
121 1191 168 1215 est
177 1190 290 1215 contra
301 1190 447 1214 naturam
459 1195 467 1221 ;
478 1199 493 1211 »ι
513 1186 613 1226 Epist.
628 1184 668 1215 ad

91 1232 250 1269 Roman„
270 1232 304 1269 1,
322 1231 378 1262 26.
394 1248 439 1254 —
451 1230 565 1262 otiosa
583 1233 672 1262 Nea-

88 1277 176 1319 polis
193 1288 205 1309 .·
227 1278 396 1320 epitheton
417 1277 517 1315 illud,
543 1279 646 1309 ociosa
656 1302 667 1317 ‚

93 1325 217 1366 magnis
259 1325 443 1355 civitatibus
474 1336 666 1364 commune,

92 1371 229 1413 Neapoli
245 1371 355 1403 tamen
376 1373 467 1413 quasi
480 1373 667 1414 proprium,

94 1418 122 1448 si
147 1418 268 1450 Ovidio
297 1418 425 1455 credas,
445 1420 578 1451 Metam.
591 1418 668 1457 XV,

97 1474 163 1504 711
177 1487 187 1504 ‚
212 1465 272 1496 ubi
302 1465 336 1495 in
365 1465 432 1495 otia
457 1474 572 1496 natam
591 1467 671 1496 Par-

76 1530 78 1532 *
95 1510 282 1553 thenopem,
299 1523 355 1542 seu
372 1512 540 1553 Neapolim
556 1520 667 1551 vocat3

93 1558 211 1590 urbem
221 1558 372 1589 videlicet
385 1558 508 1590 deliciis
518 1560 672 1590 omnibus

93 1605 256 1643 refertam,
266 1612 310 1647 et,
324 1606 351 1635 si
364 1607 476 1637 Romae
490 1608 527 1637 in
542 1606 606 1647 qua
622 1617 672 1637 res

94 1653 196 1683 totius
204 1650 298 1684 orbis'
302 1651 477 1695 agebantur
483 1653 672 1692 contuleris,

93 1699 170 1730 vere
179 1698 328 1730 otiosam.
341 1701 475 1730 —Voce
490 1697 647 1730 Thessala
655 1711 668 1730 .-

94 1746 234 1776 carmine
252 1747 393 1787 magico,
416 1753 455 1776 ut
480 1745 608 1788 saepiiis.
624 1765 672 1771 —

94 1794 288 1824 Excantata
304 1803 316 1822 .·
331 1799 409 1823 nota
432 1793 500 1824 vim
520 1795 671 1835 praeposi-

94 1840 196 1870 tionis
219 1850 282 1876 ex,·
298 1839 448 1870 cantibus
470 1840 487 1870 ὁ
511 1840 586 1871 sede
612 1839 669 1871 sua

94 1886 214 1918 avulsa.
232 1905 280 1911 —
294 1888 488 1928 Lunamque
513 1887 594 1918 coelo
614 1888 670 1918 de—

94 1932 172 1974 ripit
181 1944 192 1964 :
204 1933 361 1965 Carmina
370 1933 431 1964 ‘vel
441 1933 523 1964 coelo
533 1943 672 1975 possunt

95 1979 252 2011 deducere
282 1981 414 2017 lunam;
450 1981 566 2024 virgil.
599 1982 668 2013 Eel.

94 2027 192 2065 vm,
211 2027 268 2069 69.
664 2023 667 2025 ’

144 2083 176 2113 7.
201 2075 390 2105 Irreseceum
406 2073 558 2115 pollicem
570 2085 581 2105 .·
596 2085 669 2105 mu-

95 2119 189 2150 lieres
199 2119 354 2151 veneficae
369 2131 492 2162 ungues
507 2132 582 2152 suos
601 2132 669 2153 non

94 2166 263 2205 secabant3
290 2169 330 2198 iis
358 2168 474 2209 nempe
495 2168 670 2199 utebantur

95 2212 135 2243 ad
150 2213 364 2244 effodiendam
386 2221 520 2251 terram;
537 2215 602 2246 vid.
622 2216 670 2245 in-

95 2258 143 2290 fe&
167 2259 272 2303 Satyr.
288 2263 323 2300 1,
341 2261 380 2300 8,
401 2262 446 2292 26
462 2271 471 2293 :
491 2261 569 2292 Vidi
592 2273 668 2305 ego-

720 1051 787 1074 met
816 1042 912 1086 nigra‘
942 1044 1141 1075 succinctam
1171 1045 1299 1077 vadere

715 1089 813 1133 pallei
846 1091 1038 1130 Canidiam,
1072 1099 1131 1123 etc.
1155 1092 1302 1133 scalpere

722 1146 841 1168 terram
865 1138 1040 1180 Unguibus,
1060 1145 1093 1169 et
1102 1139 1234 1180 pullam
1249 1139 1300 1170 di-

723 1185 838 1215 vellere
849 1185 1008 1215 tnordict'cs
1017 1196 1203 1227 agnam.--
1217 1187 1306 1228 Quid

723 1231 810 1262 dixit
823 1239 882 1262 aut
896 1232 978 1274 qnid
996 1232 1125 1263 tacuit?
1143 1243 1215 1274 quae
1233 1234 1302 1264 fau-

723 1279 780 1316 da,
802 1289 876 1320 quae
891 1279 1024 1310 infanda
1042 1280 1153 1311 locuta
1167 1281 1231 1311 est!

773 1326 805 1357 8.
822 1327 850 1356 Ο
877 1326 969 1356 rebus
992 1326 1072 1357 meis
1098 1328 1175 1358 ZVon
1191 1326 1302 1371 insule-

723 1373 770 1403 les
800 1373 949 1411 arbicrae,
980 1375 1077 1411 Nox,
1105 1383 1139 1404 et
1166 1374 1327 1405 Diana:-

722 1419 742 1449 ὂ
760 1430 817 1450 vos
839 1430 912 1461 quae
929 1431 1016 1451 meas
1034 1428 1116 1451 artes
1139 1419 1208 1451 fido
1229 1432 1305 1463 pro-

724 1467 829 1508 tegitis
845 1467 980 1498 auxilio.
1003 1468 1054 1498 Sic
1078 1474 1110 1498 et
1130 1467 1245 1498 Medea
1265 1469 1306 1499 ad

724 1514 846 1555 magica
883 1524 970 1544 sacra
1007 1525 1074 1545 sese
1114 1515 1304 1557 accingens;

725 1561 806 1590 Nox
816 1583 827 1597 ,
848 1559 914 1596 ait,
932 1560 1238 1604 arcani-<fidissima
1242 1586 1301 1594 .....

729 1607 839 1647 Tuque
884 1607 1000 1647 triceps
1037 1609 1181 1646 Hecate,
1233 1620 1305 1651 quoe

726 1653 837 1694 coepcis
861 1654 993 1684 conscia
1006 1655 1122 1685 nostris
1135 1655 1312 1698 Adfictrix-

726 1711 789 1741 que
811 1701 919 1732 venis.
951 1719 999 1724 --
1021 1704 1102 1743 Quae
1141 1702 1305 1734 silentium

725 1746 828 1789 regis,
844 1749 983 1778 Arcana
1000 1749 1171 1792 carnfiunt
1188 1760 1303 1781 sacra.-

723 1795 826 1824 Diana
844 1793 939 1837 (nam
952 1794 990 1825 ad
1008 1806 1075 1825 eam
1092 1797 1194 1826 solam
1206 1797 1303 1828 verba

723 1841 937 1882 praecedentia
962 1842 1127 1873 referenda
1151 1850 1248 1882 sunt,
1265 1851 1304 1874 ut

723 1888 884 1929 singulare
909 1889 1004 1927 illud,
1023 1890 1119 1932 regis,
1145 1891 1302 1932 indicat),

723 1935 816 1973 cujus
838 1937 971 1966 nomine
998 1936 1162 1968 silentium
1184 1948 1243 1979 per
1258 1948 1305 1968 sa-

726 1991 858 2012 crorum
882 1990 1070 2014 nostrorum
1094 1991 1239 2027 tempus,
1261 1995 1305 2015 as-

724 2029 910 2060 sistentibus
934 2031 1122 2072 imperatur,
1148 2039 1186 2062 ut
1210 2030 1304 2070 alibi,

723 2076 838 2114 Jovis,
863 2078 1025 2115 sunonis,
1051 2079 1216 2120 Apollinis
1242 2088 1302 2111 no-

723 2124 827 2160 mine,
843 2121 879 2154 τὸ
881 2124 996 2165 favete
1007 2124 1141 2167 linguis,
1155 2123 1304 2156 sacerdos

722 2171 1024 2210 pronuntiabat.—-
1038 2174 1078 2202 In
1094 2171 1223 2202 hostiles
1247 2172 1305 2202 do-

723 2226 792 2246 mos
808 2227 819 2246 .·
836 2218 1052 2249 verisimiliter
1074 2219 1189 2250 domos
1209 2219 1305 2250 Cani·

722 2262 783 2309 dia·
795 2264 947 2308 intelligit
983 2267 1208 2305 meretricum,
1232 2275 1305 2307 qnae

1068 2333 1083 2346 0

1041 2349 1065 2385 9
