1422 2528
178 173 238 204 192

559 163 598 202 Q.
624 161 806 194 nonam
831 160 978 194 FLACCt

173 225 402 274 Dispensare
416 221 508 260 velis
518 250 528 269 ,
548 235 590 260 ac
605 212 683 261 ῃᾶὶῗ
696 222 874 273 fugienda
892 220 1062 272 petendis
1330 229 1359 261 7⁵

173 285 408 322 Immiscere!
424 285 507 320 Tuo
524 283 640 328 vitio,
660 296 859 327 rerumne,
875 275 1042 328 labores,

174 343 238 380 Nil
253 342 394 380 referre
411 344 546 392 putas?
566 355 705 392 quare,
723 355 772 379 ne
791 343 971 392 poeniteat
989 350 1025 378 te
1037 370 1047 386 ,

180 403 319 440 Desine
335 411 526 440 matronas
545 401 737 449 sectarim,
756 401 856 439 unde
875 401 1015 438 laboris
1309 411 1355 451 4

174 463 260 500 Plus
279 462 433 500 haurire
449 461 537 499 mali
551 469 626 508 est,
645 463 758 511 quam
780 474 826 498 ex
842 473 883 497 re
899 460 1102 511 decerpere
1118 460 1273 498 fructus.

175 524 253 560 Nec
268 520 385 572 magis
402 521 494 559 huic
510 521 539 544 ¹5
558 521 690 558 niveos
710 522 808 558 inter
821 520 1036 570 viridesque
1053 520 1217 570 lapillos,
1329 527 1361 552 80

177 583 234 620 Sit
247 583 333 620 licet
350 581 642 629 hoc‚Cerinthe‚
659 589 785 628 tuum,
801 589 972 618 tenerum
991 589 1046 618 est
1060 581 1182 618 femur
1198 578 1262 618 aut
1274 591 1360 616 crus

174 643 350 689 Rectius;
370 651 482 692 atque
499 643 614 679 etiam
637 641 770 679 melius
793 641 963 691 persaepe
979 649 1126 691 togatae.

176 703 284 741 Adde
301 702 394 748 hue,
419 700 523 752 quod
539 714 701 739 mercem
718 701 797 739 sine
817 691 912 738 fucis
930 708 1048 751 gestat
1055 715 1067 751 3
1091 701 1240 751 aperte,

166 763 296 809 »Quod
314 761 446 799 venale
463 760 600 808 habet,
616 760 800 808 ostendit;
818 774 958 810 neque,
977 761 1007 797 si
1023 760 1115 810 quid
1130 759 1278 798 honesti
1291 769 1359 804 est,

179 825 302 859 ,Iactat
318 820 511 870 habetque
531 820 676 870 palam,
697 819 833 869 quaerit
852 832 928 869 quo
946 819 1072 870 turpia
1091 819 1197 856 celet.
1330 827 1362 851 8⁵

234 879 406 930 Regibus
423 879 485 916 hic
505 891 586 916 mos
604 887 659 917 est
672 878 720 927 ¹⁶,
739 878 804 916 ubi
818 890 935 928 equos
947 886 1174 924 mercantur,
1190 885 1342 928 opertos

179 939 409 989 Inspiciunt;
426 951 496 987 ne,
522 938 553 975 si
568 937 700 986 facies,
715 946 757 976 ut
777 939 897 989 saepe,
917 939 1054 976 decora

178 1079 313 1114 divitiae,
339 1077 462 1120 generis
487 1077 656 1117 nobilitas,
677 1085 747 1117 etc„

180 1123 360 1156 nullatenus
371 1124 409 1154 ad
419 1134 524 1154 veram
534 1126 749 1166 sinceramque

180 1170 412 1212 procurandam
432 1171 628 1211 voluptatem
654 1170 749 1211 profi-

180 1219 279 1249 ciunt.
295 1234 341 1240 --
358 1219 403 1247 Τιι
419 1214 446 1244 si
463 1216 556 1246 modi)
574 1217 656 1246 rect&
677 1216 747 1247 Dis-

179 1274 319 1305 pensare
328 1262 426 1293 velis:
433 1268 552 1292 naturae
564 1263 749 1293 muneribus

185 1310 342 1351 sapienter
358 1311 416 1340 uti.
437 1328 484 1334 —-
500 1310 566 1338 Τιιο
589 1308 670 1338 vitio
681 1331 690 1346 ,
706 1319 751 1339 re-

184 1367 314 1392 rumne,
331 1355 472 1393 labores,
489 1354 549 1385 Nil
561 1355 678 1396 referre
697 1366 752 1396 pu-

186 1406 261 1434 tas?
277 1404 341 1434 Suo
367 1402 491 1434 laborat
516 1401 595 1431 vitio
619 1401 676 1442 qui
702 1411 751 1431 res

186 1449 247 1479 sibi
260 1446 276 1478 a
286 1448 407 1479 Natura
417 1449 538 1480 oblatas
552 1446 751 1488 dedignatur,

185 1495 286 1536 qualis
294 1495 411 1525 Villius
420 1502 497 1533 erat,
505 1495 631 1524 inanem
641 1493 753 1523 nobili-

186 1542 257 1571 tatis
269 1541 454 1582 generisque
463 1539 609 1571 umbram
619 1545 751 1576 sectans,

187 1585 265 1617 diim
291 1597 340 1616 res
360 1586 400 1617 ad
424 1587 622 1626 voluptatem
644 1595 751 1615 neces-

186 1622 349 1670 sa1iae‚⁸h.
379 1643 406 1663 e.
438 1632 672 1663 formosissimae
695 1641 752 1660 an-

184 1678 285 1716 cinae,
309 1677 507 1709 abundanter
532 1676 751 1718 suppetebant.

185 1726 260 1756 Non
275 1723 383 1765 igitur,
395 1735 497 1755 rerum
511 1723 595 1753 vicio
605 1745 613 1761 ‚
626 1722 681 1753 sed
696 1733 752 1752 suo

185 1770 360 1801 laborabat.
375 1788 421 1794 -—
440 1769 572 1801 Laboris
589 1769 664 1799 Plics
677 1768 754 1798 hau-

187 1816 250 1847 rire
263 1817 344 1847 mali
355 1824 418 1854 est,
435 1816 532 1858 quiam
545 1826 588 1845 ex
601 1825 634 1844 re
649 1814 752 1844 decer-

181 1873 260 1904 pere
278 1861 405 1904 fructas
435 1873 447 1892 .·
476 1862 548 1903 plus
577 1860 752 1891 timendum

186 1908 401 1946 incommodi,
443 1907 537 1949 quam
578 1907 754 1948 percipien-

189 1954 266 1984 dum
286 1954 448 1991 utilitatis,
470 1964 512 1983 ex
530 1950 570 1983 εᾶ
590 1963 642 1988 re,
670 1953 702 1983 h.
725 1962 752 1982 e.

189 2000 207 2030 ὲ
221 2001 360 2041 potentis
372 2007 525 2030 matronae
541 1999 713 2030 consortio.

240 2046 291 2076 15.
316 2046 399 2076 Huic
422 2057 434 2076 .·
452 2053 603 2076 matronae
633 2044 752 2080 nobili,

191 2091 335 2131 quamvis
356 2091 555 2122 adamantum
578 2097 609 2120 et
623 2099 754 2129 smarag-

778 1019 795 1032 ³0⁴

803 1079 871 1117 the,
892 1078 1033 1120 corporis
1061 1077 1223 1119 elegantiae
1243 1086 1362 1118 praepo-

802 1136 868 1156 nas.
888 1126 987 1166 Negat
1007 1125 1158 1154 Horatius
1182 1123 1362 1164 exemplum

801 1172 892 1201 istius
906 1170 1048 1202 Cerinthi
1070 1169 1257 1200 imitandum
1280 1179 1361 1208 esse,

798 1217 924 1256 juvenis
937 1216 1164 1252 formosissimi,
1180 1214 1197 1244 a
1207 1214 1346 1256 Sulpicia
1355 1239 1363 1254 ‚

801 1263 902 1293 Servii
923 1261 987 1292 filiai
999 1285 1010 1300 ,
1031 1261 1181 1299 adamati,
1200 1270 1272 1301 quae
1292 1271 1364 1291 eum

803 1309 1049 1350 opulentissimis
1077 1307 1170 1338 donis
1201 1306 1364 1338 ditaverat.

803 1357 851 1386 De
866 1354 1017 1394 Cerintho
1038 1353 1137 1384 multa
1153 1350 1236 1394 apud
1253 1352 1365 1383 Tibul-

804 1402 872 1431 lum
887 1400 1019 1442 legenda
1042 1406 1135 1436 sunt,
1161 1409 1232 1440 quae
1250 1406 1365 1430 nostrae

804 1447 936 1486 hujusce
956 1446 1020 1477 loci
1033 1445 1286 1487 interpretationi
1305 1445 1365 1475 mi-

805 1503 878 1523 rum
904 1494 940 1523 in
964 1492 1096 1523 modum
1119 1491 1305 1521 inserviunt.
1331 1508 1365 1514 —-

805 1538 919 1569 Melius
936 1537 1080 1579 persaepe}
1101 1544 1220 1579 eogatoe
1240 1548 1253 1567 .·
1266 1536 1366 1567 femur

805 1586 964 1620 tenerius,
988 1594 1062 1614 crus
1083 1583 1248 1614 decentius
1264 1584 1367 1624 saepis-

806 1631 883 1660 sime
899 1631 1095 1660 meretricem
1110 1636 1210 1660 ornat.
1223 1628 1299 1660 vid.
1318 1639 1367 1659 su-

806 1675 879 1717 pra,
897 1686 977 1707 vers,
1001 1676 1054 1706 63.
1074 1693 1119 1699 —
1139 1677 1278 1706 Mercem
1298 1674 1367 1705 sim}

799 1722 886 1765 fucis
900 1729 1008 1764 gestat
1022 1732 1033 1752 :
1045 1732 1111 1752 vox
1123 1722 1193 1760 illa,
1213 1731 1345 1752 meroem
1354 1743 1365 1757 ,

807 1768 888 1799 hene
895 1778 967 1798 cum
979 1767 1184 1809 sequentibus
1193 1790 1202 1806 ,
1218 1767 1306 1811 quod
1312 1777 1368 1796 ve-

807 1815 882 1844 nale
918 1813 1028 1850 habet,
1066 1814 1226 1844 convenit.
1257 1830 1303 1837 --
1335 1813 1371 1842 Si

808 1859 886 1902 quid
909 1858 1035 1889 hortem·
1055 1866 1123 1890 ese.-
1149 1860 1176 1889 si
1195 1859 1275 1900 quid
1295 1859 1366 1899 pul-

808 1906 935 1936 chri.—-
949 1905 1069 1946 Quaerit
1080 1916 1141 1945 quo
1155 1905 1258 1945 turpia
1269 1905 1367 1935 celet:

808 1962 868 1983 nec
887 1952 1019 1992 quaerit,
1040 1961 1117 1988 uec,
1133 1951 1159 1980 si
1168 1957 1305 1991 quaerat,
1319 1951 1367 1981 in-

808 1999 911 2038 venit,
942 1995 1016 2027 cum
1037 1996 1122 2027 nuda
1153 1996 1283 2027 arbitrio
1309 1997 1367 2026 viri

808 2044 909 2084 usque
920 2043 960 2074 ad
970 2042 1144 2072 ludibrium
1157 2043 1367 2083 permittatur.

857 2090 908 2119 16.
939 2088 1073 2130 Regibus
1098 2087 1148 2118 hic
1184 2099 1251 2118 mos
1288 2096 1335 2118 est
1357 2099 1368 2118 :

191 2135 306 2167 dorum
321 2137 444 2179 fulgore
458 2143 614 2167 coruscet.
627 2134 673 2166 Si'c
685 2135 759 2165 licet
811 2133 964 2164 divitibus
984 2141 1015 2164 et
1030 2134 1216 2174 potentibus
1227 2135 1369 2171 viris‚,ut

192 2181 268 2219 hoc,
295 2183 460 2219 Cerinthe,
480 2190 568 2213 tuum
587 2192 599 2211 .·
617 2181 758 2222 quamvis
811 2178 1051 2220 passim—Ubi
1068 2191 1163 2220 equos
1178 2187 1368 2216 mercantur,

192 2230 396 2269 pretiosa'illa
410 2235 603 2265 ornamenta,
618 2227 636 2256 ὃ
652 2228 759 2267 Cerin«
814 2234 935 2266 opertos
950 2226 1123 2266 Inspiciam
1138 2237 1149 2256 .·
1162 2225 1260 2256 multa
1272 2225 1373 2256 moliti
