1404 2522
502 108 580 141 LIB-
605 108 654 140 IV
678 109 766 141 ODE
791 110 851 141 111.
1242 106 1281 136 15

273 173 431 220 Romae,
452 170 640 224 principis
658 169 836 217 urbium,

126 263 132 266 -
167 233 360 284 Dignatur
380 231 563 276 soboles⁴
581 233 684 271 inter
703 231 886 270 amabiles

273 295 415 331 Vatum
428 306 574 344 ponere
591 307 652 332 me
671 292 831 339 choros,
1250 297 1280 320 1⁵

169 357 216 394 Et
231 355 313 406 jam
329 353 444 392 dente
459 355 586 393 minus
611 354 796 392 mordeor
815 354 962 392 invido.

276 417 312 454 Ο
328 415 540 454 testudinis
554 429 683 454 aureae

167 475 328 514 Dulcem
347 488 433 526 quae
452 477 658 528 strepitum
679 474 712 523 ⁵,
732 477 854 523 Pieri,
875 478 1087 526 temperas!

274 539 309 575 Ο
327 537 443 575 mutis
462 552 619 590 quoque
637 538 807 589 piscibus

167 601 370 636 Donatum
389 598 404 621 ⁶
425 600 555 650 cycni,
571 600 602 638 si
622 599 759 646 libeat,
781 602 941 638 sonum!
1249 614 1280 629 ν·

166 698 173 701 ,
271 662 414 699 Totum
429 661 600 698 muneris
616 660 692 699 hoc
706 661 763 699 tui
784 669 841 699 cst

168 717 285 767 Quod
301 730 498 759 monstror
512 721 634 772 digito
654 721 971 773 praetereuntium

273 785 457 821 Romanae
475 783 612 821 fidicen
632 783 723 834 iyrae
734 797 746 830 3

167 843 285 893 Quod
303 845 410 897 spiro
427 855 465 884 et
483 845 640 897 placeo,
662 846 694 883 si
713 845 846 896 placeo
859 873 869 891 ‚
887 853 996 882 tuum
1021 851 1088 880 cst.

107 1007 139 1038 4.
147 1003 260 1034 Roma.-
268 1001 393 1033 soboles
399 1013 410 1032 :
420 1002 558 1044 poetice,
566 1013 639 1044 pro,

61 1049 201 1081 Romani
217 1050 316 1081 cives.
330 1067 378 1074 -·
397 1051 444 1080 Ee
451 1049 526 1091 jc'zm
543 1050 641 1081 dente

60 1095 166 1127 minias
187 1096 338 1127 mordeor
355 1097 463 1127 invido
479 1108 491 1127 .·
505 1097 641 1128 Invidiae

57 1143 141 1175 dens
165 1143 184 1174 a
207 1145 312 1186 poetis
337 1144 436 1186 vulgo
468 1145 636 1182 tribuitur,

56 1202 126 1233 quo
148 1192 235 1222 viros
258 1192 381 1232 ingenii
407 1193 640 1232 praestantioris

59 1239 278 1278 virtutemque
299 1239 402 1280 ipsam
419 1237 640 1270 indesinenter

59 1291 197 1328 appetat.
207 1285 362 1327 Exempla
377 1285 465 1326 apud
483 1286 639 1317 Nostrum

59 1332 176 1375 passim
187 1331 338 1364 affluunt.
355 1332 495 1364 Consule
506 1343 638 1375 quoque

59 1380 96 1411 in
110 1381 272 1411 Fontanio
291 1379 433 1411 fabulam
449 1382 493 1417 V,
523 1380 582 1417 16,
607 1386 639 1410 et

60 1426 223 1469 praecipne
250 1416 416 1468 epssogum
443 1426 561 1458 fabulae
586 1428 641 1457 cui

61 1473 176 1505 titulus
195 1484 204 1506 :
222 1475 360 1515 Serpens
375 1481 411 1504 et
423 1473 516 1505 lima.

108 1521 141 1552 5.
172 1520 310 1551 Dulcem
344 1520 509 1562 strepitum
541 1531 554 1551 .·
582 1532 640 1562 per

61 1567 244 1599 antithesim
255 1591 264 1607 ‚
280 1566 343 1609 qua
358 1566 397 1598 fit
415 1576 451 1599 ut
472 1567 560 1609 quod
579 1570 639 1598 mi-

61 1611 124 1644 nus
137 1616 218 1657 grati
231 1616 267 1645 in
289 1614 344 1646 illa
357 1625 446 1653 voce,
458 1615 636 1657 strepitum,

59 1661 182 1700 inerat,
196 1673 255 1704 per
269 1662 332 1693 hoc
351 1663 539 1704 epitheton,
567 1663 639 1694 dul-

59 1718 130 1739 cem
139 1732 150 1746 ‚
165 1709 252 1740 illico
267 1711 456 1752 corrigatur.
470 1727 517 1733 -
530 1710 638 1741 Pieri:

59 1756 96 1786 ἰιι
120 1757 290 1796 vocativo,
321 1757 424 1800 graeca
446 1757 636 1789 inflexione.

59 1802 205 1834 Pierides
224 1806 328 1835 Musae
353 1805 600 1846 appellabantur
618 1804 636 1835 a

59 1851 165 1882 Pierio
187 1859 298 1891 monte
328 1852 530 1891 Macedonia?
559 1852 638 1893 ipsis

59 1908 161 1930 sacro.
177 1917 224 1922 -—
237 1900 428 1941 Temperas:
442 1898 639 1937 modularis3

57 1944 140 1988 lyrae
154 1956 232 1977 meae
245 1957 343 1977 sonos
363 1958 422 1988 per
447 1953 532 1977 certa
560 1954 640 1976 tem-

53 2003 141 2034 pora
164 2001 348 2035 certamque
381 2004 565 2025 mensuram
592 1993 641 2024 di-

58 2040 146 2082 rigis.

108 2086 142 2118 6.
164 2087 192 2116 0
214 2086 379 2116 donatura
396 2097 407 2116 :
421 2086 457 2116 in
473 2089 566 2127 cujus
583 2098 643 2128 po-

62 2140 173 2164 testate
191 2140 292 2170 esset,
322 2134 348 2163 si
367 2133 520 2173 libuerit,
546 2134 644 2165 dona-

61 2191 116 2218 re,
133 2187 195 2212 etc.
211 2198 258 2204 --
285 2180 408 2221 Cycni:
428 2187 505 2211 nota
516 2204 525 2219 ,
547 2181 591 2211 ob
608 2181 643 2211 li-

61 2226 249 2270 quiditatem
285 2227 402 2259 litterae
432 2238 470 2265 n,
506 2230 643 2271 primam

693 1001 851 1044 syllabam
871 1001 1012 1042 corripi,
1038 1007 1075 1031 ut
1099 1001 1133 1030 in
1150 1002 1279 1043 Progne

695 1049 781 1091 apud
793 1048 948 1080 Ovidium
960 1070 968 1086 ‚
986 1049 1020 1078 in
1037 1046 1176 1088 Daphne
1190 1048 1278 1089 apud

695 1097 904 1134 Petronium,
919 1097 952 1126 in
971 1094 1172 1126 Iclmeumon
1193 1095 1279 1136 apud

694 1144 889 1175 Martialem.
924 1145 974 1174 De
1016 1142 1133 1173 canori:
1172 1142 1280 1173 autem

695 1192 792 1233 cycni
806 1202 905 1229 voce,
927 1200 1025 1220 nemo
1041 1197 1088 1220 est
1106 1189 1203 1221 hodie
1221 1190 1279 1232 qui

695 1245 819 1268 veteres
836 1248 956 1268 errasse
972 1239 1007 1268 in
1023 1237 1162 1268 dubium
1185 1247 1279 1268 revo·

692 1292 754 1318 cet.
778 1285 948 1326 Legendus
976 1285 1083 1315 tamen
1114 1284 1211 1314 Buffo
1242 1285 1278 1314 in

692 1330 759 1362 fine
775 1333 873 1373 cycni
887 1332 1113 1374 descriptionis
1124 1354 1132 1368 ‚
1145 1337 1168 1362 t.
1180 1332 1278 1363 XVII

693 1378 765 1420 (des
778 1378 946 1419 Oiseaux)
957 1401 965 1417 ‚
982 1389 1006 1410 t.
1027 1382 1042 1410 1
1066 1378 1142 1409 edit.
1160 1380 1276 1420 Lupar.

693 1426 811 1463 in-12‚
845 1427 905 1457 nbi
933 1437 1028 1456 causa
1054 1432 1086 1455 et
1110 1427 1278 1456 excusatio

694 1480 842 1504 veterum
884 1474 1003 1504 erroris
1042 1472 1277 1512 jucundissime

694 1520 912 1562 explicantur.
949 1522 1062 1562 Neque
1094 1520 1278 1550 reticendus

693 1578 794 1598 senex
808 1567 864 1598 ille
878 1569 1112 1610 Norwegianus
1128 1569 1199 1608 qui,
1218 1575 1278 1597 tes-

694 1621 726 1644 te
752 1617 860 1646 Isaaco
884 1615 1022 1652 Vossio,
1057 1614 1217 1645 asserebat
1244 1626 1276 1644 se

694 1669 863 1693 canentem
897 1673 1039 1704 cycnum
1051 1684 1059 1699 ,
1094 1672 1276 1702 suavesque

692 1720 791 1740 sonos
806 1709 954 1740 edentem
978 1720 1046 1740 non
1069 1708 1168 1739 semel
1186 1709 1277 1739 audi·

693 1757 786 1787 visse.
807 1774 854 1780 —-
871 1756 968 1798 Quod
991 1765 1151 1787 monstror
1171 1755 1274 1798 digito

685 1803 954 1844 praetereuntium
978 1815 989 1833 .·
1009 1805 1055 1833 sic
1072 1805 1216 1841 Persius,
1240 1805 1275 1842 1,

694 1852 749 1882 28.
763 1853 812 1882 Ac
823 1850 994 1892 pulchrum
1014 1858 1062 1881 est
1078 1851 1272 1888 monstrari,

693 1906 726 1929 et
754 1898 858 1929 dicier
879 1909 890 1928 .·
917 1897 979 1929 Hic
1000 1906 1057 1930 est.
1081 1897 1182 1940 Apud
1198 1909 1275 1935 nos,

696 1945 870 1977 monstrari
901 1945 1005 1988 digito
1036 1944 1125 1986 (e¹tre
1151 1947 1279 1976 montre'

695 2003 739 2022 au
756 1992 1005 2035 doigt)semper
1020 1994 1056 2023 in
1073 1993 1190 2023 malam
1206 2004 1278 2034 par-

696 2047 760 2070 tem
783 2041 953 2081 accipitur.
971 2058 1018 2063 ——
1038 2040 1136 2081 Quod
1157 2040 1243 2081 spiro
1268 2052 1278 2070 .-

696 2087 750 2117 alii
783 2094 902 2129 putant
930 2086 983 2118 hic
1005 2087 1150 2118 alludere
1173 2089 1278 2118 Hora-

696 2136 779 2164 tium
794 2134 835 2165 ad
853 2145 888 2164 ea
908 2145 981 2175 quae
1000 2135 1064 2173 jam
1087 2135 1205 2165 cecinit
1224 2146 1279 2164 su-

697 2181 774 2222 pra,
795 2181 859 2213 Od.
876 2183 945 2219 111,
964 2188 1004 2220 4,
1033 2183 1091 2219 15,
1113 2182 1228 2223 nempe
1248 2193 1280 2211 se

698 2228 739 2258 ab
767 2230 950 2260 imminenti
984 2231 1098 2260 mortis
1123 2228 1282 2270 periculo,
