1404 2522
3 18 6 20 μ
58 10 68 14 ,.
91 0 234 21 ,⁸51¹qu
294 9 302 17 .
326 6 337 13 -Δ
383 0 386 1 ’

16 0 88 131 ξ’
406 55 414 80 «

23 104 26 107 .
91 104 103 119 4,

118 205 210 248 sine
231 203 372 247 unicis
392 202 495 258 illis,
511 199 651 245 cetera
672 200 945 261 gratissimis,
963 198 1150 251 Sabinis,
1169 206 1212 240 et
1230 211 1334 239 con-

118 283 264 324 tentus
296 271 396 313 satis
423 269 616 324 modico,
650 269 764 311 forte
801 283 856 309 ex·
889 267 1052 325 scripto
1084 263 1335 324 quaestorio,

119 339 252 382 aliave
280 353 328 380 re
348 338 472 381 ‘tenui
499 327 662 391 &ditm
694 335 910 378 dissimilis
935 335 1018 376 hac
1043 344 1166 392 parte
1185 332 1338 391 vulpe-

120 406 226 450 culae
255 407 316 449 illi
334 410 364 461 ',
393 399 489 464 quoe
515 406 560 447 in
589 404 797 448 frumenti
826 414 1039 446 cameram
1065 401 1164 444 cum
1194 401 1336 458 irrep-

120 474 264 531 sisset,
284 475 444 518 frustra
466 474 581 516 foras
604 473 782 515 tendere
809 471 1047 530 quaerebat,
1073 470 1213 512 donec
1237 466 1340 510 inde

120 555 265 584 macra
281 542 436 596 exiret,
452 543 517 583 uti
532 555 674 582 macra
689 542 742 582 eo
758 549 1071 598 penetraverat.

181 607 442 651 Incredibile
462 608 516 650 sit
541 608 697 662 cuivis,
722 607 805 649 nisi
829 606 966 649 oculis
985 605 1141 648 viderit
1166 619 1214 646 ac
1241 603 1339 646 dili-

121 678 273 736 genter
287 676 526 734 collegerit,
543 686 701 733 quanta
719 675 763 716 in
781 675 948 717 summa
963 688 1107 715 rerum
1120 671 1342 713 affluentia

119 741 331 792 modestia
362 742 465 795 viri,
495 752 707 799 quantum
733 739 1041 782 mediocritatis
1073 738 1268 780 studium
1295 738 1339 778 in

121 825 174 853 co
193 810 425 862 eluxerint,
449 808 547 851 cum
567 807 622 850 ad
643 823 823 866 magnos
844 809 1034 850 honores
1059 804 1338 849 invidendas-

121 893 209 936 que
225 870 420 922 fortunas
437 876 578 919 aditus
596 887 707 918 esset
729 876 1062 935 patentissimus.
1081 874 1167 917 Sed
1183 874 1315 916 satius
1328 907 1339 927 ‚
1381 897 1383 901 .

123 945 254 988 satius
276 945 479 987 omnibus
502 943 637 1002 copiis
662 940 834 998 habuit,
860 943 1004 984 audiat
1022 943 1108 984 hoc
1131 940 1338 999 insipiens

123 1023 166 1055 et
183 1009 404 1055 inficetum
419 1011 611 1054 seculum
623 1022 840 1065 nostrum,
854 1011 889 1052 si
900 1009 1007 1052 fides
1019 1022 1062 1053 et
1078 1009 1266 1067 benigna
1279 1010 1343 1050 in-

122 1081 238 1138 genii
252 1094 360 1123 vena
370 1079 542 1133 flueret,
563 1079 620 1133 si,
639 1077 850 1137 quantum
867 1080 967 1121 satis
983 1089 1112 1133 esset,
1130 1079 1247 1119 Deus
1261 1077 1345 1135 ipsi

123 1148 315 1191 offerret.

182 1215 276 1257 Nec
291 1214 422 1256 verba
439 1213 713 1270 fucatamque
730 1214 797 1256 sui
817 1213 1004 1272 speciem
1020 1213 1225 1270 praebuit,
1244 1211 1346 1254 ciim

123 1280 367 1322 istiusmodi
386 1279 552 1338 profert
571 1280 823 1333 sententias,
845 1278 920 1321 sed
939 1295 986 1321 re
1005 1295 1055 1322 ac
1076 1279 1190 1322 facto
1213 1279 1346 1337 longe

123 1345 287 1399 majora
305 1348 474 1404 semper
491 1345 790 1403 comprobavit
805 1353 834 1388 ².
1049 1389 1052 1392 Α

184 1411 333 1454 Primo
347 1413 461 1455 enim
471 1445 483 1464 ,
497 1411 744 1465 Maecenati,
760 1422 811 1452 ut
823 1411 1043 1454 audivistis
1053 1445 1064 1466 ,
1079 1412 1322 1455 insinuatus
1334 1446 1346 1468 ,

125 1477 340 1536 talemque
353 1478 397 1519 in
412 1479 502 1531 ejus
515 1478 700 1519 amicitia
716 1477 860 1520 locum
877 1489 1041 1532 tenens,
1059 1490 1108 1520 ut
1131 1479 1201 1520 ille
1218 1479 1347 1522 visce-

125 1544 246 1587 ribus
257 1560 357 1587 eum
369 1545 454 1586 suis
465 1543 561 1602 plus
574 1543 781 1603 diligeret,
790 1547 1067 1603 moriensque
1078 1547 1131 1588 ab
1144 1548 1345 1605 Augusto

126 1622 312 1670 peteret,
325 1611 444 1669 quod
457 1611 618 1666 Flacci,
633 1621 683 1653 ut
697 1611 781 1667 sui,
797 1624 908 1655 esset
924 1629 1103 1667 memor,
1119 1617 1347 1671 nunquam

60 1728 65 1733 ἱ
127 1680 273 1720 tamen
300 1677 443 1720 videas
470 1678 732 1736 officipetam
745 1712 756 1734 ,
787 1683 1013 1738 nunquam
1045 1680 1345 1732 ambitiosum,

125 1744 384 1788 insolentem
403 1750 650 1804 nunquam,
673 1747 748 1788 sed
771 1748 990 1789 contraiis
1010 1748 1173 1790 artibus
1199 1749 1245 1789 in
1269 1748 1346 1790 fla-

127 1813 392 1871 grantissima
411 1815 616 1872 principis
633 1816 709 1857 viri
728 1816 857 1874 gratia
881 1829 924 1857 se
943 1826 1159 1870 tuentem,
1187 1817 1346 1874 quibus

123 1881 293 1934 juvenis
324 1881 561 1924 admodum
583 1898 708 1925 carus
734 1883 795 1924 illi
820 1882 1236 1943 commendatusque
1256 1884 1348 1926 fue-

126 1959 215 2004 rat,
234 1950 321 1992 hoc
346 1961 410 1992 est
425 1950 589 2008 ingenti
604 1951 801 2009 ingenio,
820 1952 990 1993 curiosa
1002 1950 1154 2004 judicii
1170 1952 1334 2011 elegan-

127 2014 206 2068 tia,
235 2026 278 2058 et
301 2016 396 2058 vitoe
427 2032 687 2075 morumque
713 2019 982 2071 innocentia,
1016 2019 1051 2059 si
1085 2019 1217 2060 seculi
1244 2020 1342 2062 vitia

131 2082 332 2140 excipias,
354 2083 538 2125 multum
551 2085 716 2145 ubique
733 2085 1055 2127 memorabilem
1075 2088 1106 2127 3.

706 115 751 162 xi

178 2207 187 2224 ¹
200 2204 301 2245 Epist.
325 2216 341 2244 ς
358 2212 390 2235 et
413 2206 451 2236 18
472 2206 530 2238 lib.
546 2209 573 2237 Ι.
582 2208 624 2238 V.
645 2208 733 2238 Suet.
751 2206 782 2238 d.
795 2207 817 2237 1.
835 2207 906 2238 Lib.
922 2208 954 2237 11
968 2207 1024 2239 od.
1045 2209 1097 2239 18.
1122 2226 1166 2231 --
1181 2214 1191 2227 ²
1208 2208 1277 2238 Lib.
1294 2209 1342 2245 11,

131 2257 185 2290 od.
208 2260 268 2299 18,
285 2260 342 2292 nb.
358 2262 409 2292 111
428 2261 482 2293 od.
505 2262 557 2294 16,
577 2257 650 2286 —3
666 2262 736 2294 Lib.
753 2264 785 2293 11
801 2268 861 2294 sat.
877 2262 914 2301 6,
930 2262 988 2294 lib.
1006 2265 1022 2294 1
1038 2264 1130 2305 epist.
1146 2274 1178 2304 9.
