<?xml version="1.0" encoding="UTF-8"?>
<!DOCTYPE html PUBLIC "-//W3C//DTD XHTML 1.0 Transitional//EN"
    "http://www.w3.org/TR/xhtml1/DTD/xhtml1-transitional.dtd">
<html xmlns="http://www.w3.org/1999/xhtml" xml:lang="en" lang="en">
 <head>
  <title>
</title>
<meta http-equiv="Content-Type" content="text/html;charset=utf-8" />
  <meta name='ocr-system' content='tesseract 3.04.00' />
  <meta name='ocr-capabilities' content='ocr_page ocr_carea ocr_par ocr_line ocrx_word'/>
</head>
<body>
  <div class='ocr_page' id='page_1' title='image "./quintushoratiusf02horauoft_0118.png"; bbox 0 0 1422 2528; ppageno 0'>
   <div class='ocr_carea' id='block_1_1' title="bbox 142 91 1323 618">
    <p class='ocr_par' dir='ltr' id='par_1_1' title="bbox 142 91 948 135">
     <span class='ocr_line' id='line_1_1' title="bbox 142 91 948 135; baseline 0.002 -14"><span class='ocrx_word' id='word_1_1' title='bbox 142 91 184 122; x_wconf 83' lang='lat'>56</span> <span class='ocrx_word' id='word_1_2' title='bbox 531 96 572 135; x_wconf 88' lang='lat' dir='ltr'>Q.</span> <span class='ocrx_word' id='word_1_3' title='bbox 593 94 775 126; x_wconf 78' lang='lat' dir='ltr'>HORATII</span> <span class='ocrx_word' id='word_1_4' title='bbox 798 92 948 125; x_wconf 79' lang='lat' dir='ltr'>FLACCI</span> 
     </span>
    </p>

    <p class='ocr_par' dir='ltr' id='par_1_2' title="bbox 243 150 1059 202">
     <span class='ocr_line' id='line_1_2' title="bbox 243 150 1059 202; baseline 0.001 -15"><span class='ocrx_word' id='word_1_5' title='bbox 243 150 465 200; x_wconf 86' lang='lat' dir='ltr'><strong>Telephum,</strong></span> <span class='ocrx_word' id='word_1_6' title='bbox 485 164 597 200; x_wconf 88' lang='lat' dir='ltr'>quem</span> <span class='ocrx_word' id='word_1_7' title='bbox 617 161 658 189; x_wconf 86' lang='lat' dir='ltr'>tu</span> <span class='ocrx_word' id='word_1_8' title='bbox 675 152 771 202; x_wconf 88' lang='lat' dir='ltr'>petis</span> <span class='ocrx_word' id='word_1_9' title='bbox 790 151 823 199; x_wconf 75' lang='lat'>⁵,</span> <span class='ocrx_word' id='word_1_10' title='bbox 839 150 1059 201; x_wconf 83' lang='lat' dir='ltr'>occupavit,</span> 
     </span>
    </p>

    <p class='ocr_par' dir='ltr' id='par_1_3' title="bbox 242 210 904 262">
     <span class='ocr_line' id='line_1_3' title="bbox 242 210 904 262; baseline 0.005 -17"><span class='ocrx_word' id='word_1_11' title='bbox 242 211 328 245; x_wconf 86' lang='lat' dir='ltr'>Non</span> <span class='ocrx_word' id='word_1_12' title='bbox 346 218 418 246; x_wconf 81' lang='lat' dir='ltr'>tuae</span> <span class='ocrx_word' id='word_1_13' title='bbox 433 210 544 247; x_wconf 86' lang='lat' dir='ltr'>sortis</span> <span class='ocrx_word' id='word_1_14' title='bbox 555 210 754 259; x_wconf 84' lang='lat' dir='ltr'>juvenem,</span> <span class='ocrx_word' id='word_1_15' title='bbox 778 211 904 262; x_wconf 87' lang='lat' dir='ltr'>puella</span> 
     </span>
    </p>

    <p class='ocr_par' dir='ltr' id='par_1_4' title="bbox 243 267 906 379">
     <span class='ocr_line' id='line_1_4' title="bbox 243 267 906 319; baseline 0.006 -16"><span class='ocrx_word' id='word_1_16' title='bbox 243 267 359 304; x_wconf 86' lang='lat' dir='ltr'>Dives</span> <span class='ocrx_word' id='word_1_17' title='bbox 377 276 414 304; x_wconf 88' lang='lat' dir='ltr'>et</span> <span class='ocrx_word' id='word_1_18' title='bbox 433 269 591 315; x_wconf 85' lang='lat' dir='ltr'>lasciva,</span> <span class='ocrx_word' id='word_1_19' title='bbox 607 278 784 319; x_wconf 79' lang='lat' dir='ltr'>tenetque</span> <span class='ocrx_word' id='word_1_20' title='bbox 801 269 906 319; x_wconf 66' lang='lat' dir='ltr'>&#39;graui</span> 
     </span>
     <span class='ocr_line' id='line_1_5' title="bbox 453 329 844 379; baseline 0.008 -15"><span class='ocrx_word' id='word_1_21' title='bbox 453 329 642 379; x_wconf 83' lang='lat' dir='ltr'>Compede</span> <span class='ocrx_word' id='word_1_22' title='bbox 662 330 844 368; x_wconf 88' lang='lat' dir='ltr'>vinctum.</span> 
     </span>
    </p>

    <p class='ocr_par' dir='ltr' id='par_1_5' title="bbox 242 387 1323 427">
     <span class='ocr_line' id='line_1_6' title="bbox 242 387 1323 427; baseline 0.006 -5"><span class='ocrx_word' id='word_1_23' title='bbox 242 387 375 424; x_wconf 85' lang='lat' dir='ltr'>Terret</span> <span class='ocrx_word' id='word_1_24' title='bbox 391 387 586 426; x_wconf 86' lang='lat' dir='ltr'>ambustus</span> <span class='ocrx_word' id='word_1_25' title='bbox 606 389 776 427; x_wconf 84' lang='lat' dir='ltr'>Phaeton</span> <span class='ocrx_word' id='word_1_26' title='bbox 798 401 932 427; x_wconf 85' lang='lat' dir='ltr'>avaras</span> <span class='ocrx_word' id='word_1_27' title='bbox 1292 394 1323 419; x_wconf 81' lang='lat'>2⁵</span> 
     </span>
    </p>

    <p class='ocr_par' dir='ltr' id='par_1_6' title="bbox 244 448 1071 499">
     <span class='ocr_line' id='line_1_7' title="bbox 244 448 1071 499; baseline 0.004 -16"><span class='ocrx_word' id='word_1_28' title='bbox 244 450 338 496; x_wconf 88' lang='lat' dir='ltr'><strong>Spes</strong></span> <span class='ocrx_word' id='word_1_29' title='bbox 358 448 391 493; x_wconf 86' lang='lat'>⁶,</span> <span class='ocrx_word' id='word_1_30' title='bbox 412 457 449 485; x_wconf 86' lang='lat' dir='ltr'>et</span> <span class='ocrx_word' id='word_1_31' title='bbox 465 449 679 498; x_wconf 82' lang='lat' dir='ltr'>exemplum</span> <span class='ocrx_word' id='word_1_32' title='bbox 698 462 812 499; x_wconf 83' lang='lat' dir='ltr'>grave</span> <span class='ocrx_word' id='word_1_33' title='bbox 827 449 973 499; x_wconf 79' lang='lat' dir='ltr'>praebet</span> <span class='ocrx_word' id='word_1_34' title='bbox 996 449 1071 486; x_wconf 79' lang='lat' dir='ltr'>ales</span> 
     </span>
    </p>

    <p class='ocr_par' dir='ltr' id='par_1_7' title="bbox 243 509 1009 618">
     <span class='ocr_line' id='line_1_8' title="bbox 243 509 1009 559; baseline 0.004 -16"><span class='ocrx_word' id='word_1_35' title='bbox 243 509 422 556; x_wconf 82' lang='lat' dir='ltr'>Pegasus,</span> <span class='ocrx_word' id='word_1_36' title='bbox 440 516 632 544; x_wconf 81' lang='lat' dir='ltr'>terrenum</span> <span class='ocrx_word' id='word_1_37' title='bbox 652 511 817 558; x_wconf 79' lang='lat' dir='ltr'><strong>equitem</strong></span> <span class='ocrx_word' id='word_1_38' title='bbox 831 517 1009 559; x_wconf 79' lang='lat' dir='ltr'>gravatus</span> 
     </span>
     <span class='ocr_line' id='line_1_9' title="bbox 453 566 807 618; baseline 0.011 -16"><span class='ocrx_word' id='word_1_39' title='bbox 453 566 783 618; x_wconf 84' lang='lat' dir='ltr'>Bellerophontem</span> <span class='ocrx_word' id='word_1_40' title='bbox 796 595 807 616; x_wconf 91' lang='lat'>‚</span> 
     </span>
    </p>
   </div>
   <div class='ocr_carea' id='block_1_2' title="bbox 140 731 724 1832">
    <p class='ocr_par' dir='ltr' id='par_1_8' title="bbox 140 731 724 1832">
     <span class='ocr_line' id='line_1_10' title="bbox 188 731 700 773; baseline 0 -10"><span class='ocrx_word' id='word_1_41' title='bbox 188 733 218 763; x_wconf 88' lang='grc'>5.</span> <span class='ocrx_word' id='word_1_42' title='bbox 240 731 429 773; x_wconf 74' lang='lat' dir='ltr'>Telephum,</span> <span class='ocrx_word' id='word_1_43' title='bbox 450 743 544 772; x_wconf 82' lang='lat' dir='ltr'>quem</span> <span class='ocrx_word' id='word_1_44' title='bbox 557 733 700 772; x_wconf 76' lang='lat' dir='ltr'>tapetis,</span> 
     </span>
     <span class='ocr_line' id='line_1_11' title="bbox 141 778 706 818; baseline -0.002 -8"><span class='ocrx_word' id='word_1_45' title='bbox 141 778 321 818; x_wconf 71' lang='lat' dir='ltr'>occupavit:</span> <span class='ocrx_word' id='word_1_46' title='bbox 331 788 432 807; x_wconf 86' lang='lat' dir='ltr'>nexus</span> <span class='ocrx_word' id='word_1_47' title='bbox 446 779 625 808; x_wconf 76' lang='lat' dir='ltr'>sententiae:</span> <span class='ocrx_word' id='word_1_48' title='bbox 640 789 706 809; x_wconf 90' lang='lat' dir='ltr'>uon</span> 
     </span>
     <span class='ocr_line' id='line_1_12' title="bbox 140 822 705 866; baseline 0 -11"><span class='ocrx_word' id='word_1_49' title='bbox 140 826 255 866; x_wconf 84' lang='lat' dir='ltr'>ignoro</span> <span class='ocrx_word' id='word_1_50' title='bbox 277 823 423 864; x_wconf 74' lang='lat' dir='ltr'>equidem</span> <span class='ocrx_word' id='word_1_51' title='bbox 441 831 470 854; x_wconf 89' lang='lat' dir='ltr'>te</span> <span class='ocrx_word' id='word_1_52' title='bbox 492 822 580 853; x_wconf 78' lang='lat' dir='ltr'>nime</span> <span class='ocrx_word' id='word_1_53' title='bbox 595 825 629 854; x_wconf 91' lang='lat' dir='ltr'>in</span> <span class='ocrx_word' id='word_1_54' title='bbox 645 827 705 855; x_wconf 80' lang='lat' dir='ltr'>Te-</span> 
     </span>
     <span class='ocr_line' id='line_1_13' title="bbox 140 870 707 912; baseline -0.002 -10"><span class='ocrx_word' id='word_1_55' title='bbox 140 871 236 912; x_wconf 86' lang='lat' dir='ltr'>lepho</span> <span class='ocrx_word' id='word_1_56' title='bbox 249 870 467 910; x_wconf 81' lang='lat' dir='ltr'>persequendo</span> <span class='ocrx_word' id='word_1_57' title='bbox 490 877 605 906; x_wconf 84' lang='lat' dir='ltr'>totam,</span> <span class='ocrx_word' id='word_1_58' title='bbox 621 881 707 901; x_wconf 87' lang='lat' dir='ltr'>com-</span> 
     </span>
     <span class='ocr_line' id='line_1_14' title="bbox 141 917 707 958; baseline 0 -11"><span class='ocrx_word' id='word_1_59' title='bbox 141 918 319 958; x_wconf 82' lang='lat' dir='ltr'>potationes</span> <span class='ocrx_word' id='word_1_60' title='bbox 337 926 411 946; x_wconf 86' lang='lat' dir='ltr'>cum</span> <span class='ocrx_word' id='word_1_61' title='bbox 426 917 488 946; x_wconf 90' lang='lat' dir='ltr'>alio</span> <span class='ocrx_word' id='word_1_62' title='bbox 507 923 645 947; x_wconf 80' lang='lat' dir='ltr'>amatore</span> <span class='ocrx_word' id='word_1_63' title='bbox 660 919 707 947; x_wconf 92' lang='lat' dir='ltr'>in-</span> 
     </span>
     <span class='ocr_line' id='line_1_15' title="bbox 142 962 709 994; baseline 0.002 -1"><span class='ocrx_word' id='word_1_64' title='bbox 142 962 315 993; x_wconf 86' lang='lat' dir='ltr'>stituendas</span> <span class='ocrx_word' id='word_1_65' title='bbox 338 962 624 994; x_wconf 81' lang='lat' dir='ltr'>reformidatnram.</span> <span class='ocrx_word' id='word_1_66' title='bbox 648 963 709 994; x_wconf 85' lang='lat' dir='ltr'>Sed</span> 
     </span>
     <span class='ocr_line' id='line_1_16' title="bbox 144 1008 707 1050; baseline 0.002 -11"><span class='ocrx_word' id='word_1_67' title='bbox 144 1008 221 1050; x_wconf 89' lang='lat' dir='ltr'>quid</span> <span class='ocrx_word' id='word_1_68' title='bbox 247 1010 282 1038; x_wconf 90' lang='lat' dir='ltr'>iu</span> <span class='ocrx_word' id='word_1_69' title='bbox 315 1008 413 1038; x_wconf 83' lang='lat' dir='ltr'>irritis</span> <span class='ocrx_word' id='word_1_70' title='bbox 445 1009 612 1038; x_wconf 87' lang='lat' dir='ltr'>conatibus</span> <span class='ocrx_word' id='word_1_71' title='bbox 638 1019 707 1049; x_wconf 86' lang='lat' dir='ltr'>per-</span> 
     </span>
     <span class='ocr_line' id='line_1_17' title="bbox 145 1055 707 1095; baseline 0.002 -10"><span class='ocrx_word' id='word_1_72' title='bbox 145 1056 230 1085; x_wconf 78' lang='lat' dir='ltr'>stas?</span> <span class='ocrx_word' id='word_1_73' title='bbox 249 1056 364 1086; x_wconf 86' lang='lat' dir='ltr'><strong>Nonne</strong></span> <span class='ocrx_word' id='word_1_74' title='bbox 384 1055 482 1084; x_wconf 82' lang='lat' dir='ltr'>satius</span> <span class='ocrx_word' id='word_1_75' title='bbox 500 1062 546 1084; x_wconf 89' lang='lat' dir='ltr'>est</span> <span class='ocrx_word' id='word_1_76' title='bbox 570 1055 707 1095; x_wconf 87' lang='lat' dir='ltr'>praedam</span> 
     </span>
     <span class='ocr_line' id='line_1_18' title="bbox 146 1100 710 1142; baseline 0 -10"><span class='ocrx_word' id='word_1_77' title='bbox 146 1101 206 1132; x_wconf 89' lang='lat' dir='ltr'>tibi</span> <span class='ocrx_word' id='word_1_78' title='bbox 232 1107 420 1142; x_wconf 68' lang='lat' dir='ltr'>praereptam</span> <span class='ocrx_word' id='word_1_79' title='bbox 453 1100 631 1140; x_wconf 82' lang='lat' dir='ltr'>relinquere</span> <span class='ocrx_word' id='word_1_80' title='bbox 642 1123 650 1138; x_wconf 88' lang='lat'><strong>‚</strong></span> <span class='ocrx_word' id='word_1_81' title='bbox 677 1109 710 1133; x_wconf 73' lang='lat' dir='ltr'>et</span> 
     </span>
     <span class='ocr_line' id='line_1_19' title="bbox 145 1147 712 1178; baseline 0.002 -1"><span class='ocrx_word' id='word_1_82' title='bbox 145 1147 309 1178; x_wconf 77' lang='lat' dir='ltr'>frustratos</span> <span class='ocrx_word' id='word_1_83' title='bbox 334 1157 456 1176; x_wconf 86' lang='lat' dir='ltr'>amores</span> <span class='ocrx_word' id='word_1_84' title='bbox 489 1147 712 1178; x_wconf 87' lang='lat' dir='ltr'>conviviorum</span> 
     </span>
     <span class='ocr_line' id='line_1_20' title="bbox 146 1192 713 1224; baseline 0.002 -1"><span class='ocrx_word' id='word_1_85' title='bbox 146 1193 254 1224; x_wconf 79' lang='lat' dir='ltr'>saltem</span> <span class='ocrx_word' id='word_1_86' title='bbox 266 1200 298 1223; x_wconf 88' lang='lat' dir='ltr'>et</span> <span class='ocrx_word' id='word_1_87' title='bbox 313 1193 448 1222; x_wconf 87' lang='lat' dir='ltr'>musices</span> <span class='ocrx_word' id='word_1_88' title='bbox 463 1192 620 1222; x_wconf 83' lang='lat' dir='ltr'>hilaritate</span> <span class='ocrx_word' id='word_1_89' title='bbox 638 1203 713 1224; x_wconf 89' lang='lat' dir='ltr'>cum</span> 
     </span>
     <span class='ocr_line' id='line_1_21' title="bbox 148 1239 715 1279; baseline 0.002 -10"><span class='ocrx_word' id='word_1_90' title='bbox 148 1240 250 1270; x_wconf 83' lang='lat' dir='ltr'>amico</span> <span class='ocrx_word' id='word_1_91' title='bbox 281 1239 392 1276; x_wconf 82' lang='lat' dir='ltr'>solari,</span> <span class='ocrx_word' id='word_1_92' title='bbox 409 1239 465 1279; x_wconf 87' lang='lat' dir='ltr'>qui</span> <span class='ocrx_word' id='word_1_93' title='bbox 491 1245 561 1279; x_wconf 85' lang='lat' dir='ltr'>post</span> <span class='ocrx_word' id='word_1_94' title='bbox 581 1245 612 1268; x_wconf 92' lang='lat' dir='ltr'>te</span> <span class='ocrx_word' id='word_1_95' title='bbox 632 1241 715 1270; x_wconf 91' lang='lat' dir='ltr'>nulli</span> 
     </span>
     <span class='ocr_line' id='line_1_22' title="bbox 149 1283 713 1325; baseline 0 -9"><span class='ocrx_word' id='word_1_96' title='bbox 149 1286 201 1316; x_wconf 82' lang='lat' dir='ltr'>alii</span> <span class='ocrx_word' id='word_1_97' title='bbox 215 1285 340 1315; x_wconf 85' lang='lat' dir='ltr'>feminae</span> <span class='ocrx_word' id='word_1_98' title='bbox 362 1283 503 1325; x_wconf 69' lang='lat' dir='ltr'>nuquam</span> <span class='ocrx_word' id='word_1_99' title='bbox 517 1283 690 1316; x_wconf 76' lang='lat' dir='ltr'>adhaerebit</span> <span class='ocrx_word' id='word_1_100' title='bbox 699 1287 713 1316; x_wconf 71' lang='grc' dir='ltr'><strong><em>Ρ</em></strong></span> 
     </span>
     <span class='ocr_line' id='line_1_23' title="bbox 149 1329 713 1372; baseline 0 -10"><span class='ocrx_word' id='word_1_101' title='bbox 149 1333 234 1362; x_wconf 90' lang='lat' dir='ltr'>Veni</span> <span class='ocrx_word' id='word_1_102' title='bbox 250 1329 359 1372; x_wconf 75' lang='lat' dir='ltr'>igitur,</span> <span class='ocrx_word' id='word_1_103' title='bbox 386 1337 447 1362; x_wconf 89' lang='lat' dir='ltr'>etc.</span> <span class='ocrx_word' id='word_1_104' title='bbox 458 1347 506 1354; x_wconf 89' lang='lat'>—-</span> <span class='ocrx_word' id='word_1_105' title='bbox 520 1331 713 1371; x_wconf 79' lang='lat' dir='ltr'>Occupavt‘t:</span> 
     </span>
     <span class='ocr_line' id='line_1_24' title="bbox 150 1377 715 1418; baseline 0 -10"><span class='ocrx_word' id='word_1_106' title='bbox 150 1378 211 1408; x_wconf 90' lang='lat' dir='ltr'>tibi</span> <span class='ocrx_word' id='word_1_107' title='bbox 227 1377 399 1418; x_wconf 72' lang='lat' dir='ltr'>praeripuit.</span> <span class='ocrx_word' id='word_1_108' title='bbox 408 1395 456 1400; x_wconf 90' lang='lat'><em>-</em></span> <span class='ocrx_word' id='word_1_109' title='bbox 467 1378 542 1407; x_wconf 83' lang='lat' dir='ltr'>Non</span> <span class='ocrx_word' id='word_1_110' title='bbox 554 1385 615 1407; x_wconf 80' lang='lat' dir='ltr'>cuae</span> <span class='ocrx_word' id='word_1_111' title='bbox 625 1378 715 1408; x_wconf 80' lang='lat' dir='ltr'>sortis</span> 
     </span>
     <span class='ocr_line' id='line_1_25' title="bbox 145 1423 716 1466; baseline 0 -12"><span class='ocrx_word' id='word_1_112' title='bbox 145 1423 293 1466; x_wconf 81' lang='lat' dir='ltr'>juvenem</span> <span class='ocrx_word' id='word_1_113' title='bbox 308 1432 316 1453; x_wconf 73' lang='grc' dir='ltr'>ε</span> <span class='ocrx_word' id='word_1_114' title='bbox 331 1423 526 1463; x_wconf 82' lang='lat' dir='ltr'><strong>Telephum,</strong></span> <span class='ocrx_word' id='word_1_115' title='bbox 538 1424 716 1461; x_wconf 81' lang='lat' dir='ltr'>juventutis</span> 
     </span>
     <span class='ocr_line' id='line_1_26' title="bbox 152 1468 717 1511; baseline 0.002 -11"><span class='ocrx_word' id='word_1_116' title='bbox 152 1469 251 1507; x_wconf 81' lang='lat' dir='ltr'>flore,</span> <span class='ocrx_word' id='word_1_117' title='bbox 274 1479 387 1510; x_wconf 82' lang='lat' dir='ltr'>genere</span> <span class='ocrx_word' id='word_1_118' title='bbox 413 1475 444 1499; x_wconf 88' lang='lat' dir='ltr'>et</span> <span class='ocrx_word' id='word_1_119' title='bbox 471 1468 599 1499; x_wconf 58' lang='lat' dir='ltr'>fortunii</span> <span class='ocrx_word' id='word_1_120' title='bbox 622 1470 717 1511; x_wconf 74' lang='lat' dir='ltr'>longe</span> 
     </span>
     <span class='ocr_line' id='line_1_27' title="bbox 155 1514 719 1556; baseline 0 -10"><span class='ocrx_word' id='word_1_121' title='bbox 155 1516 213 1546; x_wconf 87' lang='lat' dir='ltr'>tibi</span> <span class='ocrx_word' id='word_1_122' title='bbox 225 1516 433 1556; x_wconf 85' lang='lat' dir='ltr'>superiorem.</span> <span class='ocrx_word' id='word_1_123' title='bbox 447 1532 494 1539; x_wconf 86' lang='lat'>-—-</span> <span class='ocrx_word' id='word_1_124' title='bbox 508 1514 599 1545; x_wconf 84' lang='lat' dir='ltr'>Dives</span> <span class='ocrx_word' id='word_1_125' title='bbox 614 1523 647 1546; x_wconf 85' lang='lat' dir='ltr'>et</span> <span class='ocrx_word' id='word_1_126' title='bbox 657 1516 719 1546; x_wconf 85' lang='lat' dir='ltr'>las-</span> 
     </span>
     <span class='ocr_line' id='line_1_28' title="bbox 154 1561 718 1592; baseline 0 0"><span class='ocrx_word' id='word_1_127' title='bbox 154 1561 223 1592; x_wconf 78' lang='lat' dir='ltr'>cim</span> <span class='ocrx_word' id='word_1_128' title='bbox 248 1572 260 1591; x_wconf 90' lang='lat'>.·</span> <span class='ocrx_word' id='word_1_129' title='bbox 287 1568 381 1591; x_wconf 87' lang='lat' dir='ltr'>tantae</span> <span class='ocrx_word' id='word_1_130' title='bbox 409 1567 484 1591; x_wconf 86' lang='lat' dir='ltr'>sunt</span> <span class='ocrx_word' id='word_1_131' title='bbox 512 1568 575 1591; x_wconf 84' lang='lat' dir='ltr'>tuae</span> <span class='ocrx_word' id='word_1_132' title='bbox 610 1562 718 1592; x_wconf 84' lang='lat' dir='ltr'>rivalis</span> 
     </span>
     <span class='ocr_line' id='line_1_29' title="bbox 155 1607 719 1649; baseline -0.004 -10"><span class='ocrx_word' id='word_1_133' title='bbox 155 1618 251 1649; x_wconf 86' lang='lat' dir='ltr'>opes,</span> <span class='ocrx_word' id='word_1_134' title='bbox 264 1614 301 1637; x_wconf 87' lang='lat' dir='ltr'>ut</span> <span class='ocrx_word' id='word_1_135' title='bbox 314 1607 491 1647; x_wconf 82' lang='lat' dir='ltr'>Telephum</span> <span class='ocrx_word' id='word_1_136' title='bbox 513 1607 564 1637; x_wconf 88' lang='lat' dir='ltr'>vel</span> <span class='ocrx_word' id='word_1_137' title='bbox 581 1608 719 1637; x_wconf 88' lang='lat' dir='ltr'>invitum</span> 
     </span>
     <span class='ocr_line' id='line_1_30' title="bbox 156 1654 721 1693; baseline -0.002 -9"><span class='ocrx_word' id='word_1_138' title='bbox 156 1654 258 1684; x_wconf 79' lang='lat' dir='ltr'>aureis</span> <span class='ocrx_word' id='word_1_139' title='bbox 277 1654 394 1683; x_wconf 87' lang='lat' dir='ltr'>catenis</span> <span class='ocrx_word' id='word_1_140' title='bbox 409 1654 498 1693; x_wconf 87' lang='lat' dir='ltr'>quasi</span> <span class='ocrx_word' id='word_1_141' title='bbox 511 1654 721 1683; x_wconf 86' lang='lat' dir='ltr'>constrictum</span> 
     </span>
     <span class='ocr_line' id='line_1_31' title="bbox 157 1698 722 1736; baseline -0.002 -6"><span class='ocrx_word' id='word_1_142' title='bbox 157 1701 325 1736; x_wconf 83' lang='lat' dir='ltr'>1·etineret;</span> <span class='ocrx_word' id='word_1_143' title='bbox 339 1705 424 1729; x_wconf 71' lang='lat' dir='ltr'>tanta</span> <span class='ocrx_word' id='word_1_144' title='bbox 436 1698 537 1729; x_wconf 87' lang='lat' dir='ltr'>libido</span> <span class='ocrx_word' id='word_1_145' title='bbox 549 1722 557 1736; x_wconf 94' lang='lat'><strong><em>‚</em></strong></span> <span class='ocrx_word' id='word_1_146' title='bbox 573 1706 609 1729; x_wconf 88' lang='lat' dir='ltr'>ut</span> <span class='ocrx_word' id='word_1_147' title='bbox 629 1700 722 1729; x_wconf 90' lang='lat' dir='ltr'>illum</span> 
     </span>
     <span class='ocr_line' id='line_1_32' title="bbox 157 1745 718 1785; baseline -0.002 -8"><span class='ocrx_word' id='word_1_148' title='bbox 157 1746 174 1777; x_wconf 75' lang='grc' dir='ltr'>Ξι</span> <span class='ocrx_word' id='word_1_149' title='bbox 199 1756 232 1776; x_wconf 88' lang='lat' dir='ltr'>se</span> <span class='ocrx_word' id='word_1_150' title='bbox 253 1745 409 1782; x_wconf 76' lang='lat' dir='ltr'>abstrahi,</span> <span class='ocrx_word' id='word_1_151' title='bbox 431 1745 576 1785; x_wconf 89' lang='lat' dir='ltr'>quolibet</span> <span class='ocrx_word' id='word_1_152' title='bbox 598 1747 718 1785; x_wconf 83' lang='lat' dir='ltr'>pretio,</span> 
     </span>
     <span class='ocr_line' id='line_1_33' title="bbox 159 1791 724 1832; baseline -0.004 -9"><span class='ocrx_word' id='word_1_153' title='bbox 159 1802 224 1823; x_wconf 87' lang='lat' dir='ltr'>nou</span> <span class='ocrx_word' id='word_1_154' title='bbox 235 1802 364 1832; x_wconf 85' lang='lat' dir='ltr'>passura</span> <span class='ocrx_word' id='word_1_155' title='bbox 374 1792 424 1822; x_wconf 87' lang='lat' dir='ltr'>sit.</span> <span class='ocrx_word' id='word_1_156' title='bbox 438 1791 527 1831; x_wconf 86' lang='lat' dir='ltr'>Quid</span> <span class='ocrx_word' id='word_1_157' title='bbox 541 1791 628 1831; x_wconf 91' lang='lat' dir='ltr'>quod</span> <span class='ocrx_word' id='word_1_158' title='bbox 642 1799 724 1822; x_wconf 85' lang='lat' dir='ltr'>cate-</span> 
     </span>
    </p>
   </div>
   <div class='ocr_carea' id='block_1_3' title="bbox 159 1836 727 1880">
    <p class='ocr_par' dir='ltr' id='par_1_9' title="bbox 159 1836 727 1880">
     <span class='ocr_line' id='line_1_34' title="bbox 159 1836 727 1880; baseline -0.002 -12"><span class='ocrx_word' id='word_1_159' title='bbox 159 1848 209 1868; x_wconf 88' lang='lat' dir='ltr'>nae</span> <span class='ocrx_word' id='word_1_160' title='bbox 230 1837 292 1868; x_wconf 82' lang='lat' dir='ltr'>illae</span> <span class='ocrx_word' id='word_1_161' title='bbox 317 1838 378 1878; x_wconf 88' lang='lat' dir='ltr'>ipsi</span> <span class='ocrx_word' id='word_1_162' title='bbox 395 1836 536 1877; x_wconf 85' lang='lat' dir='ltr'>Telepho</span> <span class='ocrx_word' id='word_1_163' title='bbox 561 1844 636 1867; x_wconf 86' lang='lat' dir='ltr'>suut</span> <span class='ocrx_word' id='word_1_164' title='bbox 651 1847 727 1880; x_wconf 83' lang='lat' dir='ltr'>gra-</span> 
     </span>
    </p>
   </div>
   <div class='ocr_carea' id='block_1_4' title="bbox 161 1881 728 2109">
    <p class='ocr_par' dir='ltr' id='par_1_10' title="bbox 161 1881 728 2109">
     <span class='ocr_line' id='line_1_35' title="bbox 161 1881 726 1924; baseline -0.002 -9"><span class='ocrx_word' id='word_1_165' title='bbox 161 1883 318 1915; x_wconf 63' lang='lat' dir='ltr'>cissimoe?</span> <span class='ocrx_word' id='word_1_166' title='bbox 343 1883 431 1913; x_wconf 85' lang='lat' dir='ltr'>nulla</span> <span class='ocrx_word' id='word_1_167' title='bbox 454 1881 553 1923; x_wconf 78' lang='lat' dir='ltr'>igitur</span> <span class='ocrx_word' id='word_1_168' title='bbox 576 1883 634 1913; x_wconf 86' lang='lat' dir='ltr'>tibi</span> <span class='ocrx_word' id='word_1_169' title='bbox 655 1894 726 1924; x_wconf 83' lang='lat' dir='ltr'>spes</span> 
     </span>
     <span class='ocr_line' id='line_1_36' title="bbox 161 1927 726 1972; baseline -0.005 -11"><span class='ocrx_word' id='word_1_170' title='bbox 161 1936 311 1961; x_wconf 82' lang='lat' dir='ltr'>remanet.</span> <span class='ocrx_word' id='word_1_171' title='bbox 339 1946 386 1953; x_wconf 94' lang='lat'>—</span> <span class='ocrx_word' id='word_1_172' title='bbox 430 1931 587 1969; x_wconf 80' lang='lat' dir='ltr'>Teneeque</span> <span class='ocrx_word' id='word_1_173' title='bbox 628 1927 726 1972; x_wconf 72' lang='lat' dir='ltr'>gratd</span> 
     </span>
     <span class='ocr_line' id='line_1_37' title="bbox 166 1974 724 2016; baseline -0.005 -9"><span class='ocrx_word' id='word_1_174' title='bbox 166 1975 323 2016; x_wconf 81' lang='lat' dir='ltr'>Compede</span> <span class='ocrx_word' id='word_1_175' title='bbox 345 1974 492 2006; x_wconf 75' lang='lat' dir='ltr'>vinctum</span> <span class='ocrx_word' id='word_1_176' title='bbox 522 1986 535 2010; x_wconf 89' lang='lat'><em>;</em></span> <span class='ocrx_word' id='word_1_177' title='bbox 564 1982 600 2005; x_wconf 90' lang='lat' dir='ltr'>nt</span> <span class='ocrx_word' id='word_1_178' title='bbox 630 1974 724 2016; x_wconf 53' lang='lat' dir='ltr'>supra}</span> 
     </span>
     <span class='ocr_line' id='line_1_38' title="bbox 163 2018 728 2059; baseline -0.005 -5"><span class='ocrx_word' id='word_1_179' title='bbox 163 2022 226 2054; x_wconf 90' lang='lat' dir='ltr'>Od.</span> <span class='ocrx_word' id='word_1_180' title='bbox 244 2023 275 2059; x_wconf 93' lang='lat'>1,</span> <span class='ocrx_word' id='word_1_181' title='bbox 288 2022 327 2051; x_wconf 84' lang='lat'>33</span> <span class='ocrx_word' id='word_1_182' title='bbox 340 2044 349 2058; x_wconf 79' lang='grc'>,</span> <span class='ocrx_word' id='word_1_183' title='bbox 375 2027 413 2057; x_wconf 78' lang='lat'>14</span> <span class='ocrx_word' id='word_1_184' title='bbox 430 2030 438 2051; x_wconf 74' lang='grc' dir='ltr'>ε</span> <span class='ocrx_word' id='word_1_185' title='bbox 467 2018 569 2050; x_wconf 66' lang='lat' dir='ltr'>Grata</span> <span class='ocrx_word' id='word_1_186' title='bbox 593 2020 728 2051; x_wconf 79' lang='lat' dir='ltr'>detinuit</span> 
     </span>
     <span class='ocr_line' id='line_1_39' title="bbox 163 2066 726 2109; baseline -0.004 -10"><span class='ocrx_word' id='word_1_187' title='bbox 163 2067 314 2109; x_wconf 80' lang='lat' dir='ltr'>compede</span> <span class='ocrx_word' id='word_1_188' title='bbox 331 2067 492 2107; x_wconf 80' lang='lat' dir='ltr'>Myrtale‚·</span> <span class='ocrx_word' id='word_1_189' title='bbox 512 2066 577 2098; x_wconf 80' lang='lat' dir='ltr'>vid.</span> <span class='ocrx_word' id='word_1_190' title='bbox 601 2074 669 2099; x_wconf 86' lang='lat' dir='ltr'>not.</span> <span class='ocrx_word' id='word_1_191' title='bbox 692 2068 726 2097; x_wconf 89' lang='lat' dir='ltr'>in</span> 
     </span>
    </p>
   </div>
   <div class='ocr_carea' id='block_1_5' title="bbox 212 2158 722 2191">
    <p class='ocr_par' dir='ltr' id='par_1_11' title="bbox 212 2158 722 2191">
     <span class='ocr_line' id='line_1_40' title="bbox 212 2158 722 2191; baseline 0 -1"><span class='ocrx_word' id='word_1_192' title='bbox 212 2160 244 2191; x_wconf 85' lang='lat'>6.</span> <span class='ocrx_word' id='word_1_193' title='bbox 267 2161 375 2190; x_wconf 79' lang='lat' dir='ltr'>Terret</span> <span class='ocrx_word' id='word_1_194' title='bbox 400 2159 559 2190; x_wconf 79' lang='lat' dir='ltr'>ambustus</span> <span class='ocrx_word' id='word_1_195' title='bbox 576 2158 722 2190; x_wconf 61' lang='lat' dir='ltr'>Phae-&#39;con</span> 
     </span>
    </p>
   </div>
   <div class='ocr_carea' id='block_1_6' title="bbox 757 731 1331 1139">
    <p class='ocr_par' dir='ltr' id='par_1_12' title="bbox 757 731 1331 1139">
     <span class='ocr_line' id='line_1_41' title="bbox 757 731 1324 773; baseline 0 -11"><span class='ocrx_word' id='word_1_196' title='bbox 757 742 873 763; x_wconf 79' lang='lat' dir='ltr'>avaras</span> <span class='ocrx_word' id='word_1_197' title='bbox 890 734 967 773; x_wconf 76' lang='lat' dir='ltr'>Spes</span> <span class='ocrx_word' id='word_1_198' title='bbox 983 743 993 762; x_wconf 91' lang='lat'><em>:</em></span> <span class='ocrx_word' id='word_1_199' title='bbox 1009 731 1049 762; x_wconf 74' lang='lat' dir='ltr'>acl</span> <span class='ocrx_word' id='word_1_200' title='bbox 1065 731 1210 773; x_wconf 77' lang='lat' dir='ltr'>exempla</span> <span class='ocrx_word' id='word_1_201' title='bbox 1225 738 1324 762; x_wconf 82' lang='lat' dir='ltr'>traus-</span> 
     </span>
     <span class='ocr_line' id='line_1_42' title="bbox 757 776 1323 820; baseline -0.002 -12"><span class='ocrx_word' id='word_1_202' title='bbox 757 779 783 809; x_wconf 89' lang='lat' dir='ltr'>it</span> <span class='ocrx_word' id='word_1_203' title='bbox 804 778 920 820; x_wconf 88' lang='lat' dir='ltr'>quibus</span> <span class='ocrx_word' id='word_1_204' title='bbox 944 778 1120 818; x_wconf 88' lang='lat' dir='ltr'>periculum</span> <span class='ocrx_word' id='word_1_205' title='bbox 1139 776 1222 808; x_wconf 67' lang='lat' dir='ltr'>ultra</span> <span class='ocrx_word' id='word_1_206' title='bbox 1241 779 1323 808; x_wconf 74' lang='lat' dir='ltr'>vires</span> 
     </span>
     <span class='ocr_line' id='line_1_43' title="bbox 759 822 1323 864; baseline 0 -10"><span class='ocrx_word' id='word_1_207' title='bbox 759 824 878 864; x_wconf 84' lang='lat' dir='ltr'>aliquid</span> <span class='ocrx_word' id='word_1_208' title='bbox 893 824 1036 854; x_wconf 80' lang='lat' dir='ltr'>tentandi</span> <span class='ocrx_word' id='word_1_209' title='bbox 1056 822 1323 861; x_wconf 85' lang='lat' dir='ltr'>demonstrando,</span> 
     </span>
     <span class='ocr_line' id='line_1_44' title="bbox 759 869 1326 911; baseline -0.002 -11"><span class='ocrx_word' id='word_1_210' title='bbox 759 869 927 911; x_wconf 81' lang='lat' dir='ltr'>Phyllideu</span> <span class='ocrx_word' id='word_1_211' title='bbox 946 870 985 899; x_wconf 89' lang='lat' dir='ltr'>ab</span> <span class='ocrx_word' id='word_1_212' title='bbox 1002 869 1112 899; x_wconf 69' lang='lat' dir='ltr'>iusauzi</span> <span class='ocrx_word' id='word_1_213' title='bbox 1130 877 1161 900; x_wconf 89' lang='lat' dir='ltr'>et</span> <span class='ocrx_word' id='word_1_214' title='bbox 1175 869 1326 910; x_wconf 87' lang='lat' dir='ltr'>inaequali</span> 
     </span>
     <span class='ocr_line' id='line_1_45' title="bbox 760 915 1327 956; baseline -0.004 -10"><span class='ocrx_word' id='word_1_215' title='bbox 760 916 911 956; x_wconf 85' lang='lat' dir='ltr'>cupidine</span> <span class='ocrx_word' id='word_1_216' title='bbox 948 915 1114 946; x_wconf 78' lang='lat' dir='ltr'>deterreat.</span> <span class='ocrx_word' id='word_1_217' title='bbox 1156 916 1327 948; x_wconf 81' lang='lat' dir='ltr'>Notissima</span> 
     </span>
     <span class='ocr_line' id='line_1_46' title="bbox 761 961 1327 997; baseline 0 -6"><span class='ocrx_word' id='word_1_218' title='bbox 761 962 942 992; x_wconf 70' lang='lat' dir='ltr'>Phaetontis</span> <span class='ocrx_word' id='word_1_219' title='bbox 957 961 1063 992; x_wconf 73' lang='lat' dir='ltr'>fabula</span> <span class='ocrx_word' id='word_1_220' title='bbox 1071 985 1081 997; x_wconf 78' lang='grc'>,</span> <span class='ocrx_word' id='word_1_221' title='bbox 1095 963 1116 992; x_wconf 90' lang='lat' dir='ltr'><strong>J</strong></span> <span class='ocrx_word' id='word_1_222' title='bbox 1118 963 1186 992; x_wconf 84' lang='lat' dir='ltr'>ovis</span> <span class='ocrx_word' id='word_1_223' title='bbox 1195 961 1327 992; x_wconf 80' lang='lat' dir='ltr'>fulmine</span> 
     </span>
     <span class='ocr_line' id='line_1_47' title="bbox 760 1008 1327 1048; baseline -0.004 -10"><span class='ocrx_word' id='word_1_224' title='bbox 760 1008 931 1039; x_wconf 88' lang='lat' dir='ltr'>combusti.</span> <span class='ocrx_word' id='word_1_225' title='bbox 963 1010 1068 1048; x_wconf 85' lang='lat' dir='ltr'>Quam</span> <span class='ocrx_word' id='word_1_226' title='bbox 1092 1009 1150 1048; x_wconf 92' lang='lat' dir='ltr'>qui</span> <span class='ocrx_word' id='word_1_227' title='bbox 1170 1008 1327 1048; x_wconf 85' lang='lat' dir='ltr'>integram</span> 
     </span>
     <span class='ocr_line' id='line_1_48' title="bbox 761 1052 1327 1091; baseline -0.004 -7"><span class='ocrx_word' id='word_1_228' title='bbox 761 1065 891 1084; x_wconf 78' lang='lat' dir='ltr'>noscere</span> <span class='ocrx_word' id='word_1_229' title='bbox 908 1054 1003 1091; x_wconf 86' lang='lat' dir='ltr'>velit,</span> <span class='ocrx_word' id='word_1_230' title='bbox 1018 1053 1108 1083; x_wconf 84' lang='lat' dir='ltr'>adeat</span> <span class='ocrx_word' id='word_1_231' title='bbox 1132 1052 1228 1084; x_wconf 87' lang='lat' dir='ltr'>Ovid.</span> <span class='ocrx_word' id='word_1_232' title='bbox 1245 1054 1327 1084; x_wconf 84' lang='lat' dir='ltr'>Met.</span> 
     </span>
     <span class='ocr_line' id='line_1_49' title="bbox 761 1101 1331 1139; baseline -0.004 -9"><span class='ocrx_word' id='word_1_233' title='bbox 761 1102 808 1138; x_wconf 92' lang='lat'>11,</span> <span class='ocrx_word' id='word_1_234' title='bbox 832 1101 867 1130; x_wconf 90' lang='lat' dir='ltr'>in</span> <span class='ocrx_word' id='word_1_235' title='bbox 897 1101 1002 1130; x_wconf 87' lang='lat' dir='ltr'>initio.</span> <span class='ocrx_word' id='word_1_236' title='bbox 1030 1101 1089 1130; x_wconf 86' lang='lat' dir='ltr'>Per</span> <span class='ocrx_word' id='word_1_237' title='bbox 1115 1109 1230 1129; x_wconf 79' lang='lat' dir='ltr'>avaras</span> <span class='ocrx_word' id='word_1_238' title='bbox 1261 1109 1331 1139; x_wconf 81' lang='lat' dir='ltr'>spes</span> 
     </span>
    </p>
   </div>
   <div class='ocr_carea' id='block_1_7' title="bbox 765 1139 1388 1186">
    <p class='ocr_par' dir='ltr' id='par_1_13' title="bbox 765 1139 1388 1186">
     <span class='ocr_line' id='line_1_50' title="bbox 765 1139 1388 1186; baseline -0.003 -10"><span class='ocrx_word' id='word_1_239' title='bbox 765 1146 907 1186; x_wconf 82' lang='lat' dir='ltr'>intellige</span> <span class='ocrx_word' id='word_1_240' title='bbox 929 1155 999 1186; x_wconf 90' lang='lat' dir='ltr'>spes</span> <span class='ocrx_word' id='word_1_241' title='bbox 1019 1155 1076 1186; x_wconf 89' lang='lat' dir='ltr'>per</span> <span class='ocrx_word' id='word_1_242' title='bbox 1099 1155 1177 1186; x_wconf 78' lang='lat' dir='ltr'>quas</span> <span class='ocrx_word' id='word_1_243' title='bbox 1202 1155 1237 1175; x_wconf 83' lang='lat' dir='ltr'>ea</span> <span class='ocrx_word' id='word_1_244' title='bbox 1260 1154 1332 1185; x_wconf 80' lang='lat' dir='ltr'>quae</span> <span class='ocrx_word' id='word_1_245' title='bbox 1386 1139 1388 1141; x_wconf 52' lang='grc'>’</span> 
     </span>
    </p>
   </div>
   <div class='ocr_carea' id='block_1_8' title="bbox 766 1190 1344 2200">
    <p class='ocr_par' dir='ltr' id='par_1_14' title="bbox 766 1190 1344 2200">
     <span class='ocr_line' id='line_1_51' title="bbox 766 1190 1330 1232; baseline -0.002 -11"><span class='ocrx_word' id='word_1_246' title='bbox 766 1190 862 1232; x_wconf 56' lang='lat' dir='ltr'>supr&amp;</span> <span class='ocrx_word' id='word_1_247' title='bbox 892 1192 973 1221; x_wconf 83' lang='lat' dir='ltr'>vires</span> <span class='ocrx_word' id='word_1_248' title='bbox 998 1197 1120 1221; x_wconf 83' lang='lat' dir='ltr'>nostras</span> <span class='ocrx_word' id='word_1_249' title='bbox 1150 1197 1249 1228; x_wconf 84' lang='lat' dir='ltr'>sunt,</span> <span class='ocrx_word' id='word_1_250' title='bbox 1281 1201 1330 1220; x_wconf 83' lang='lat' dir='ltr'>as-</span> 
     </span>
     <span class='ocr_line' id='line_1_52' title="bbox 766 1235 1331 1278; baseline -0.004 -10"><span class='ocrx_word' id='word_1_251' title='bbox 766 1238 856 1278; x_wconf 84' lang='lat' dir='ltr'>sequi</span> <span class='ocrx_word' id='word_1_252' title='bbox 874 1247 966 1278; x_wconf 87' lang='lat' dir='ltr'>posse</span> <span class='ocrx_word' id='word_1_253' title='bbox 983 1247 1042 1267; x_wconf 85' lang='lat' dir='ltr'>nos</span> <span class='ocrx_word' id='word_1_254' title='bbox 1061 1235 1265 1268; x_wconf 83' lang='lat' dir='ltr'>confidimns.</span> <span class='ocrx_word' id='word_1_255' title='bbox 1283 1253 1331 1260; x_wconf 89' lang='lat'>-—</span> 
     </span>
     <span class='ocr_line' id='line_1_53' title="bbox 766 1282 1335 1325; baseline -0.004 -11"><span class='ocrx_word' id='word_1_256' title='bbox 766 1283 960 1323; x_wconf 71' lang='lat' dir='ltr'>Exemplum</span> <span class='ocrx_word' id='word_1_257' title='bbox 980 1293 1077 1325; x_wconf 79' lang='lat' dir='ltr'>grave</span> <span class='ocrx_word' id='word_1_258' title='bbox 1104 1282 1246 1323; x_wconf 73' lang='lat' dir='ltr'>prabet:</span> <span class='ocrx_word' id='word_1_259' title='bbox 1258 1282 1335 1321; x_wconf 83' lang='lat' dir='ltr'>jun-</span> 
     </span>
     <span class='ocr_line' id='line_1_54' title="bbox 767 1328 1333 1371; baseline -0.004 -11"><span class='ocrx_word' id='word_1_260' title='bbox 767 1329 868 1371; x_wconf 87' lang='lat' dir='ltr'>genda</span> <span class='ocrx_word' id='word_1_261' title='bbox 894 1329 962 1359; x_wconf 86' lang='lat' dir='ltr'>haec</span> <span class='ocrx_word' id='word_1_262' title='bbox 988 1331 1032 1371; x_wconf 82' lang='grc' dir='ltr'>τῷ</span> <span class='ocrx_word' id='word_1_263' title='bbox 1056 1335 1092 1359; x_wconf 78' lang='lat' dir='ltr'>ut</span> <span class='ocrx_word' id='word_1_264' title='bbox 1111 1328 1258 1370; x_wconf 79' lang='lat' dir='ltr'>strophes</span> <span class='ocrx_word' id='word_1_265' title='bbox 1285 1338 1333 1358; x_wconf 78' lang='lat' dir='ltr'>se-</span> 
     </span>
     <span class='ocr_line' id='line_1_55' title="bbox 768 1373 1336 1416; baseline -0.004 -10"><span class='ocrx_word' id='word_1_266' title='bbox 768 1377 911 1416; x_wconf 76' lang='lat' dir='ltr'>quentis3</span> <span class='ocrx_word' id='word_1_267' title='bbox 936 1375 1084 1416; x_wconf 87' lang='lat' dir='ltr'>exemplo</span> <span class='ocrx_word' id='word_1_268' title='bbox 1110 1376 1198 1416; x_wconf 68' lang='lat' dir='ltr'>gravi</span> <span class='ocrx_word' id='word_1_269' title='bbox 1229 1373 1336 1405; x_wconf 86' lang='lat' dir='ltr'>admo-</span> 
     </span>
     <span class='ocr_line' id='line_1_56' title="bbox 768 1420 1335 1463; baseline -0.004 -11"><span class='ocrx_word' id='word_1_270' title='bbox 768 1429 823 1452; x_wconf 89' lang='lat' dir='ltr'>net</span> <span class='ocrx_word' id='word_1_271' title='bbox 838 1429 884 1457; x_wconf 90' lang='lat' dir='ltr'>nt,</span> <span class='ocrx_word' id='word_1_272' title='bbox 900 1429 958 1452; x_wconf 89' lang='lat' dir='ltr'>etc.</span> <span class='ocrx_word' id='word_1_273' title='bbox 971 1439 1018 1445; x_wconf 88' lang='lat'>—-</span> <span class='ocrx_word' id='word_1_274' title='bbox 1029 1422 1105 1452; x_wconf 81' lang='lat' dir='ltr'>Ales</span> <span class='ocrx_word' id='word_1_275' title='bbox 1118 1423 1280 1463; x_wconf 76' lang='lat' dir='ltr'>Pegasus:</span> <span class='ocrx_word' id='word_1_276' title='bbox 1294 1420 1335 1451; x_wconf 87' lang='lat' dir='ltr'>de</span> 
     </span>
     <span class='ocr_line' id='line_1_57' title="bbox 769 1467 1335 1509; baseline -0.004 -10"><span class='ocrx_word' id='word_1_277' title='bbox 769 1469 903 1509; x_wconf 86' lang='lat' dir='ltr'>Pegaso,</span> <span class='ocrx_word' id='word_1_278' title='bbox 923 1478 1006 1508; x_wconf 86' lang='lat' dir='ltr'>equo</span> <span class='ocrx_word' id='word_1_279' title='bbox 1033 1467 1130 1504; x_wconf 82' lang='lat' dir='ltr'>alato,</span> <span class='ocrx_word' id='word_1_280' title='bbox 1152 1473 1191 1506; x_wconf 20' lang='lat' dir='ltr'>et*</span> <span class='ocrx_word' id='word_1_281' title='bbox 1207 1467 1247 1497; x_wconf 88' lang='lat' dir='ltr'>de</span> <span class='ocrx_word' id='word_1_282' title='bbox 1274 1476 1335 1508; x_wconf 88' lang='lat' dir='ltr'>ope</span> 
     </span>
     <span class='ocr_line' id='line_1_58' title="bbox 770 1512 1336 1555; baseline -0.002 -12"><span class='ocrx_word' id='word_1_283' title='bbox 770 1525 864 1555; x_wconf 77' lang='lat' dir='ltr'>quam</span> <span class='ocrx_word' id='word_1_284' title='bbox 900 1513 1140 1554; x_wconf 84' lang='lat' dir='ltr'>Bellerophonti</span> <span class='ocrx_word' id='word_1_285' title='bbox 1181 1513 1255 1544; x_wconf 80' lang='lat' dir='ltr'>tulit</span> <span class='ocrx_word' id='word_1_286' title='bbox 1297 1512 1336 1542; x_wconf 81' lang='lat' dir='ltr'>ad</span> 
     </span>
     <span class='ocr_line' id='line_1_59' title="bbox 772 1558 1336 1596; baseline -0.002 -5"><span class='ocrx_word' id='word_1_287' title='bbox 772 1561 959 1591; x_wconf 73' lang='lat' dir='ltr'>Chimaeram</span> <span class='ocrx_word' id='word_1_288' title='bbox 985 1558 1237 1590; x_wconf 82' lang='lat' dir='ltr'>interficiendam</span> <span class='ocrx_word' id='word_1_289' title='bbox 1247 1581 1257 1596; x_wconf 87' lang='lat'>‚</span> <span class='ocrx_word' id='word_1_290' title='bbox 1270 1558 1336 1590; x_wconf 86' lang='lat' dir='ltr'>vid.</span> 
     </span>
     <span class='ocr_line' id='line_1_60' title="bbox 771 1603 1338 1646; baseline -0.004 -10"><span class='ocrx_word' id='word_1_291' title='bbox 771 1605 866 1646; x_wconf 65' lang='lat' dir='ltr'>supra</span> <span class='ocrx_word' id='word_1_292' title='bbox 887 1608 919 1642; x_wconf 85' lang='grc' dir='ltr'>Ι,</span> <span class='ocrx_word' id='word_1_293' title='bbox 939 1616 994 1643; x_wconf 81' lang='lat'>27,</span> <span class='ocrx_word' id='word_1_294' title='bbox 1018 1611 1073 1642; x_wconf 76' lang='lat'>24.</span> <span class='ocrx_word' id='word_1_295' title='bbox 1097 1603 1180 1636; x_wconf 70' lang='lat' dir='ltr'>Cum</span> <span class='ocrx_word' id='word_1_296' title='bbox 1199 1605 1276 1636; x_wconf 73' lang='grc' dir='ltr'><strong>νει-ὁ</strong></span> <span class='ocrx_word' id='word_1_297' title='bbox 1302 1606 1338 1635; x_wconf 88' lang='lat' dir='ltr'>in</span> 
     </span>
     <span class='ocr_line' id='line_1_61' title="bbox 771 1649 1337 1692; baseline -0.004 -10"><span class='ocrx_word' id='word_1_298' title='bbox 771 1662 832 1682; x_wconf 85' lang='lat' dir='ltr'>usu</span> <span class='ocrx_word' id='word_1_299' title='bbox 859 1652 915 1682; x_wconf 94' lang='lat' dir='ltr'>illo</span> <span class='ocrx_word' id='word_1_300' title='bbox 933 1651 974 1682; x_wconf 84' lang='lat' dir='ltr'>ad</span> <span class='ocrx_word' id='word_1_301' title='bbox 1000 1663 1096 1692; x_wconf 89' lang='lat' dir='ltr'>quem</span> <span class='ocrx_word' id='word_1_302' title='bbox 1119 1651 1252 1682; x_wconf 80' lang='lat' dir='ltr'>traditus</span> <span class='ocrx_word' id='word_1_303' title='bbox 1269 1651 1299 1680; x_wconf 90' lang='lat' dir='ltr'>ei</span> <span class='ocrx_word' id='word_1_304' title='bbox 1319 1649 1337 1680; x_wconf 71' lang='grc' dir='ltr'>ὲ</span> 
     </span>
     <span class='ocr_line' id='line_1_62' title="bbox 774 1695 1338 1738; baseline -0.004 -10"><span class='ocrx_word' id='word_1_305' title='bbox 774 1696 920 1729; x_wconf 62' lang='lat' dir='ltr'>Minerva</span> <span class='ocrx_word' id='word_1_306' title='bbox 951 1699 1054 1728; x_wconf 83' lang='lat' dir='ltr'>fuerat</span> <span class='ocrx_word' id='word_1_307' title='bbox 1078 1700 1229 1738; x_wconf 76' lang='lat' dir='ltr'>Pegasus,</span> <span class='ocrx_word' id='word_1_308' title='bbox 1251 1695 1338 1726; x_wconf 80' lang='lat' dir='ltr'>haud</span> 
     </span>
     <span class='ocr_line' id='line_1_63' title="bbox 777 1743 1338 1784; baseline -0.004 -10"><span class='ocrx_word' id='word_1_309' title='bbox 777 1744 984 1784; x_wconf 82' lang='lat' dir='ltr'>acquievisset</span> <span class='ocrx_word' id='word_1_310' title='bbox 1015 1743 1247 1784; x_wconf 83' lang='lat' dir='ltr'>Bellerophon,</span> <span class='ocrx_word' id='word_1_311' title='bbox 1273 1752 1338 1772; x_wconf 76' lang='lat' dir='ltr'>cos-</span> 
     </span>
     <span class='ocr_line' id='line_1_64' title="bbox 775 1788 1340 1830; baseline -0.004 -10"><span class='ocrx_word' id='word_1_312' title='bbox 775 1791 905 1830; x_wconf 86' lang='lat' dir='ltr'>lnmque</span> <span class='ocrx_word' id='word_1_313' title='bbox 954 1791 1058 1830; x_wconf 86' lang='lat' dir='ltr'>ipsum</span> <span class='ocrx_word' id='word_1_314' title='bbox 1095 1788 1230 1819; x_wconf 54' lang='lat' dir='ltr'>stultitia</span> <span class='ocrx_word' id='word_1_315' title='bbox 1263 1789 1340 1830; x_wconf 83' lang='lat' dir='ltr'>peti·</span> 
     </span>
     <span class='ocr_line' id='line_1_65' title="bbox 777 1835 1341 1877; baseline -0.005 -10"><span class='ocrx_word' id='word_1_316' title='bbox 777 1837 888 1873; x_wconf 84' lang='lat' dir='ltr'>visset,</span> <span class='ocrx_word' id='word_1_317' title='bbox 919 1835 1100 1877; x_wconf 81' lang='lat' dir='ltr'>indignatus</span> <span class='ocrx_word' id='word_1_318' title='bbox 1122 1835 1256 1876; x_wconf 76' lang='lat' dir='ltr'>Pegasus</span> <span class='ocrx_word' id='word_1_319' title='bbox 1273 1835 1341 1866; x_wconf 72' lang='lat' dir='ltr'>‘tan-</span> 
     </span>
     <span class='ocr_line' id='line_1_66' title="bbox 778 1880 1342 1922; baseline -0.002 -10"><span class='ocrx_word' id='word_1_320' title='bbox 778 1889 840 1912; x_wconf 85' lang='lat' dir='ltr'>tam</span> <span class='ocrx_word' id='word_1_321' title='bbox 856 1889 979 1912; x_wconf 80' lang='lat' dir='ltr'>tetreno</span> <span class='ocrx_word' id='word_1_322' title='bbox 993 1881 1092 1922; x_wconf 81' lang='lat' dir='ltr'>equiti</span> <span class='ocrx_word' id='word_1_323' title='bbox 1098 1903 1109 1918; x_wconf 84' lang='lat'>‚</span> <span class='ocrx_word' id='word_1_324' title='bbox 1123 1881 1157 1913; x_wconf 84' lang='lat' dir='ltr'>h.</span> <span class='ocrx_word' id='word_1_325' title='bbox 1169 1891 1197 1913; x_wconf 84' lang='lat' dir='ltr'>e.</span> <span class='ocrx_word' id='word_1_326' title='bbox 1215 1880 1342 1911; x_wconf 81' lang='lat' dir='ltr'>mortali</span> 
     </span>
     <span class='ocr_line' id='line_1_67' title="bbox 777 1927 1342 1964; baseline -0.004 -6"><span class='ocrx_word' id='word_1_327' title='bbox 777 1927 924 1958; x_wconf 85' lang='lat' dir='ltr'>incidisse</span> <span class='ocrx_word' id='word_1_328' title='bbox 943 1927 1102 1958; x_wconf 79' lang='lat' dir='ltr'>audaciam</span> <span class='ocrx_word' id='word_1_329' title='bbox 1113 1948 1122 1964; x_wconf 94' lang='lat'>‚</span> <span class='ocrx_word' id='word_1_330' title='bbox 1140 1937 1293 1958; x_wconf 85' lang='lat' dir='ltr'>sessorem</span> <span class='ocrx_word' id='word_1_331' title='bbox 1307 1927 1342 1956; x_wconf 89' lang='lat' dir='ltr'>in</span> 
     </span>
     <span class='ocr_line' id='line_1_68' title="bbox 778 1972 1343 2015; baseline -0.004 -11"><span class='ocrx_word' id='word_1_332' title='bbox 778 1984 905 2015; x_wconf 84' lang='lat' dir='ltr'>campos</span> <span class='ocrx_word' id='word_1_333' title='bbox 941 1974 1050 2004; x_wconf 86' lang='lat' dir='ltr'>Aleios</span> <span class='ocrx_word' id='word_1_334' title='bbox 1089 1975 1247 2011; x_wconf 83' lang='lat' dir='ltr'>excussit,</span> <span class='ocrx_word' id='word_1_335' title='bbox 1284 1972 1343 2003; x_wconf 88' lang='lat' dir='ltr'>uhi</span> 
     </span>
     <span class='ocr_line' id='line_1_69' title="bbox 779 2020 1343 2061; baseline -0.004 -11"><span class='ocrx_word' id='word_1_336' title='bbox 779 2031 888 2061; x_wconf 86' lang='lat' dir='ltr'>graves</span> <span class='ocrx_word' id='word_1_337' title='bbox 915 2020 1096 2050; x_wconf 83' lang='lat' dir='ltr'>temeritatis</span> <span class='ocrx_word' id='word_1_338' title='bbox 1130 2029 1196 2050; x_wconf 83' lang='lat' dir='ltr'>suae</span> <span class='ocrx_word' id='word_1_339' title='bbox 1233 2028 1343 2060; x_wconf 81' lang='lat' dir='ltr'>poenas</span> 
     </span>
     <span class='ocr_line' id='line_1_70' title="bbox 779 2065 1344 2106; baseline -0.004 -10"><span class='ocrx_word' id='word_1_340' title='bbox 779 2066 877 2098; x_wconf 88' lang='lat' dir='ltr'>dedit.</span> <span class='ocrx_word' id='word_1_341' title='bbox 887 2083 934 2090; x_wconf 90' lang='lat'>—-</span> <span class='ocrx_word' id='word_1_342' title='bbox 947 2068 1115 2096; x_wconf 83' lang='lat' dir='ltr'>Terrenum</span> <span class='ocrx_word' id='word_1_343' title='bbox 1126 2065 1261 2106; x_wconf 81' lang='lat' dir='ltr'>equitem</span> <span class='ocrx_word' id='word_1_344' title='bbox 1267 2074 1344 2106; x_wconf 81' lang='lat' dir='ltr'>gra-</span> 
     </span>
     <span class='ocr_line' id='line_1_71' title="bbox 780 2111 1341 2152; baseline 0 -10"><span class='ocrx_word' id='word_1_345' title='bbox 780 2120 868 2143; x_wconf 80' lang='lat' dir='ltr'>vatus</span> <span class='ocrx_word' id='word_1_346' title='bbox 890 2123 902 2142; x_wconf 88' lang='grc'>.·</span> <span class='ocrx_word' id='word_1_347' title='bbox 935 2112 1033 2152; x_wconf 75' lang='lat' dir='ltr'>aegre‚</span> <span class='ocrx_word' id='word_1_348' title='bbox 1061 2111 1191 2142; x_wconf 78' lang='lat' dir='ltr'>moleste</span> <span class='ocrx_word' id='word_1_349' title='bbox 1227 2111 1341 2142; x_wconf 71' lang='lat' dir='ltr'>ferens.</span> 
     </span>
     <span class='ocr_line' id='line_1_72' title="bbox 782 2156 1344 2200; baseline -0.005 -10"><span class='ocrx_word' id='word_1_350' title='bbox 782 2158 934 2196; x_wconf 75' lang='lat' dir='ltr'>Gravart&#39;,</span> <span class='ocrx_word' id='word_1_351' title='bbox 946 2156 1064 2196; x_wconf 63' lang='lat' dir='ltr'>formai,</span> <span class='ocrx_word' id='word_1_352' title='bbox 1076 2163 1113 2188; x_wconf 87' lang='lat' dir='ltr'>nt</span> <span class='ocrx_word' id='word_1_353' title='bbox 1135 2158 1225 2188; x_wconf 88' lang='lat' dir='ltr'>aiunt</span> <span class='ocrx_word' id='word_1_354' title='bbox 1244 2166 1344 2200; x_wconf 81' lang='lat' dir='ltr'>gram-</span> 
     </span>
    </p>
   </div>
  </div>
 </body>
</html>
