1422 2528
502 82 582 114 Lm.
598 82 615 113 1
639 81 802 114 SATIRA
825 83 870 114 11.

1232 87 1294 127 ¹93

75 141 196 180 Molli
211 140 306 180 fulta
322 140 421 192 pede
442 149 517 188 est,
539 141 930 192 emptorem,iuducat
949 141 1118 182 hiantem
1130 172 1142 189 ,

85 201 203 249 Quod
218 203 390 253 pulchrae
405 202 536 240 clunes
549 231 559 250 ,
581 202 701 240 breve
722 201 827 253 quod
848 213 982 254 caput,
1002 204 1122 243 ardua
1135 207 1278 245 cervix.

85 264 172 301 Hoc
193 264 249 302 ini
268 264 381 302 recte.
407 266 467 302 Ne
485 263 660 315 corporis
679 264 825 313 optima
839 272 868 294 ²7
885 265 1048 315 Lynceis
1262 285 1295 310 90

74 323 356 381 ‘Contemplere
371 324 508 370 oculis,
528 325 697 375 Hypsaezi
711 324 862 371 caecior,
879 325 944 362 illa

83 385 182 432 Quae
201 386 303 423 mala
320 395 408 424 sunt
423 394 584 436 spectes.
600 402 614 418 α
630 387 664 423 Ο
681 389 787 423 crus!
803 387 826 422 ὀ
844 385 1023 423 brachia!
1041 403 1055 420 n
1074 391 1209 428 verum

82 447 277 498 Depygis,
294 456 455 498 nasuta,
475 445 587 483 brevi
606 446 725 484 latere
744 459 788 483 ac
810 447 909 497 pede
928 447 1043 498 longo
1063 459 1131 490 est.

79 510 293 556 Matronae,
312 508 454 560 praetiaer
470 508 627 553 faciem,
647 508 701 544 nil
718 521 879 545 cernere
903 510 1044 559 possis,

81 570 252 617 Caetera,
273 569 313 606 ni
330 568 437 607 Catia
457 578 530 617 est,
550 568 714 606 demissit
738 577 844 606 veste
864 569 1038 619 tegentis.
1259 584 1290 616 9⁵

81 630 125 669 Si
143 629 346 669 interdicta
363 639 487 681 petes,
503 631 604 667 vallo
622 630 876 675 circumdata,
895 631 983 666 niun
1004 638 1041 667 te

77 691 164 730 Hoc
182 691 274 730 facit
288 691 482 740 insanum,
500 691 628 728 multae
645 689 716 730 tibi
733 692 814 728 tiim
831 690 1000 728 officient
1019 702 1080 728 res
1087 705 1099 738 ;

76 888 155 913 suut
177 887 215 914 ut
238 892 354 914 vocem
374 882 482 921 illam,
507 890 652 924 opertos,

79 929 173 969 cujas
188 940 300 960 sensus
312 936 416 972 patet,
431 930 654 962 obscurarent.

78 976 240 1009 Nonnulli
254 987 316 1018 pro
330 984 455 1019 opertos
465 977 530 1018 legi
539 977 656 1008 debere

80 1023 308 1062 crediderunt,
333 1031 478 1066 apertos,
495 1034 567 1065 quae
589 1034 656 1054 vox

78 1079 154 1101 cum
170 1081 266 1102 sensu
280 1071 421 1113 generali
441 1078 654 1102 consentanea

78 1117 179 1160 magis
209 1117 338 1149 videtur
356 1127 364 1150 :
394 1118 476 1149 mali:
509 1117 652 1160 quidum.

75 1165 213 1205 Opertos
230 1163 423 1206 inspiciunt,
446 1164 483 1195 h.
499 1175 528 1195 e.
552 1175 653 1206 equos

73 1212 131 1253 qui
162 1210 180 1242 ὲ
212 1210 430 1255 mangonibus
454 1211 558 1252 operti
586 1213 653 1242 fue—

67 1264 160 1296 rant,
178 1257 320 1301 primum
341 1265 491 1301 retegunt
503 1265 535 1288 et
549 1265 650 1289 retec-

67 1310 120 1336 tos
137 1305 380 1347 introspiciunt,
394 1305 516 1336 attente
528 1307 649 1336 exami-

66 1357 166 1391 nant,
189 1352 296 1383 nudos
319 1359 468 1384 cernunt.
489 1369 535 1376 -—
550 1352 649 1384 Molli

60 1397 153 1440 fialta
173 1399 262 1441 pede
287 1406 336 1430 est
356 1410 368 1430 :
395 1398 534 1440 phalerae
561 1400 647 1430 enim

66 1445 135 1478 aiv&
150 1445 290 1488 stragula
307 1446 404 1488 pedes
420 1456 579 1486 equorum
599 1457 647 1476 ce-

63 1491 153 1532 lant,
184 1503 257 1535 quae
283 1493 390 1524 tamen
406 1503 481 1535 pars
518 1493 646 1534 equiuae

63 1540 195 1571 virtutis
210 1541 374 1582 praecipua
393 1546 452 1571 est.
472 1558 519 1565 -—
538 1539 644 1570 Hian-

66 1593 132 1618 tem
146 1597 158 1617 .-
172 1586 399 1625 admirantem,
421 1593 454 1617 et
472 1586 518 1617 sic
541 1587 645 1628 impe-

64 1632 169 1665 ditum
186 1644 229 1665 ne
249 1644 382 1664 crurum
406 1633 500 1671 vitia,
520 1641 645 1665 caetera-

63 1690 137 1712 rum
161 1682 303 1723 partium
326 1679 572 1722 pulchritudine
592 1680 645 1711 de-

64 1734 196 1770 ceptus,
209 1727 372 1759 observet.
393 1744 441 1750 —-
459 1727 556 1767 Qubd
566 1727 643 1768 pnl-

63 1773 150 1806 claroe
161 1775 283 1812 clunes,
310 1774 401 1804 breve
419 1773 509 1815 qubd
524 1782 639 1815 caput,

62 1822 168 1854 ardua
190 1821 298 1853 cmix
323 1832 336 1852 .-
357 1821 409 1851 hae
434 1827 511 1851 sunt
536 1828 642 1862 partes

60 1879 136 1912 quae
158 1868 306 1911 stragulis
333 1878 403 1899 uon
426 1869 640 1909 operiuntur3

61 1915 187 1948 eudem
209 1915 320 1947 laudat
345 1924 477 1956 quoque
495 1915 530 1945 iu
553 1926 639 1956 equo

59 1963 234 2006 Virgilius,
261 1963 380 2004 Georg.
395 1963 464 1999 111,
489 1972 533 2002 79
553 1971 564 1994 :
585 1962 642 1992 Illi

61 2010 168 2042 ανᾰιια
187 2009 315 2048 cmix,
343 2011 569 2051 Argutumque
585 2019 638 2039 ca-

1 2070 3 2072 ·
24 2086 27 2087 ⁷
57 2063 139 2098 put,
174 2056 275 2089 brevis
324 2055 432 2093 alvus,
475 2055 635 2098 obesaque

58 2113 161 2148 terga.

108 2161 162 2191 ¹7·
185 2150 239 2182 Ne
258 2148 400 2193 corporis
419 2141 546 2192 oplfma
565 2160 577 2180 :
594 2149 634 2181 ad

54 2196 167 2230 seusun
209 2198 463 2237 connexionem,
511 2197 634 2239 aliquid

183 2252 237 2289 11.

712 882 879 914 evidentiu—
904 882 1183 924 subaudiendum,
1210 897 1242 918 v.
1262 899 1292 930 g.

712 942 802 973 reges
818 930 890 961 illos
907 937 955 967 tu,
970 931 1144 962 mulierum
1157 939 1291 972 amator,

711 978 852 1015 imitare3
887 977 957 1007 noli
989 989 1024 1008 ea
1053 978 1120 1008 sola
1154 980 1291 1023 ins-›pice-

711 1035 765 1063 τε,
789 1025 1003 1065 contemplari
1021 1035 1094 1066 quae
1115 1027 1151 1056 iu
1173 1026 1291 1058 femin-i

710 1073 836 1113 egregia
874 1078 968 1109 sunt,
1003 1078 1036 1102 et
1074 1071 1119 1102 ita
1162 1083 1217 1115 age
1253 1082 1288 1105 ut

708 1126 832 1160 spectes
871 1128 1004 1160 quoque
1041 1129 1076 1149 ea
1105 1129 1178 1160 quae
1208 1122 1290 1152 mala

706 1173 802 1203 sunt;
840 1176 913 1206 quae
944 1165 1073 1206 quidem
1108 1165 1288 1208 disquisitio

705 1222 775 1242 non
790 1212 852 1242 nisi
874 1213 907 1242 in
926 1211 1087 1243 libertinis
1109 1221 1164 1244 aut
1186 1225 1286 1247 mere-

705 1258 842 1289 tricibus
862 1259 1071 1300 permittitur.
1088 1261 1288 1302 ——Hypsoed

704 1306 823 1336 caecior
836 1307 1025 1348 :ignoratur
1041 1317 1113 1347 quae
1133 1308 1193 1338 ista
1214 1309 1285 1340 sue-

702 1354 745 1383 rit
770 1355 926 1395 Hypsaea;
955 1354 1130 1384 verisimile
1154 1362 1201 1386 est
1225 1356 1283 1387 ali-

701 1410 798 1441 quam
815 1400 912 1430 fuisse
933 1407 1112 1431 matronam
1129 1412 1201 1443 quae
1220 1402 1282 1435 ho-

699 1448 820 1477 minem
858 1447 1028 1487 quemdam
1062 1448 1218 1480 vitiosum
1249 1459 1281 1482 et

700 1493 886 1524 difformem
904 1494 1082 1527 adamabat.
1093 1511 1142 1519 —-
1154 1497 1183 1526 Ο
1194 1501 1280 1529 crus!

699 1539 720 1570 ὅ
738 1539 870 1571 brachia
881 1543 895 1570 ,Ι
913 1552 1019 1572 sermo
1037 1549 1084 1573 est
1096 1543 1278 1576 exclamau-

699 1588 759 1625 tis‚
785 1586 842 1617 stad
863 1598 930 1618 nou
957 1595 1005 1618 sat
1029 1588 1152 1619 anem&
1174 1591 1276 1633 inspi-

699 1635 825 1665 cientis,
835 1651 884 1659 —--
893 1634 1039 1677 Depygis
1051 1646 1063 1666 .·
1076 1635 1095 1666 ὲ
1107 1646 1187 1668 voce
1198 1649 1276 1680 grae-

700 1679 752 1717 cii,
777 1679 879 1725 ›reis-775,
895 1681 929 1712 h.
947 1692 976 1712 e.
992 1684 1108 1713 macris
1126 1690 1159 1714 et
1177 1685 1274 1716 aridis

698 1727 861 1759 clunibus.
875 1745 922 1751 —-
941 1728 990 1759 Ni
1008 1729 1170 1760 Catiaesc
1181 1742 1193 1760 .·
1209 1742 1274 1762 mn-

697 1781 789 1805 trona
802 1773 919 1816 procul
932 1774 1036 1806 dubio
1056 1776 1176 1808 nobilis
1186 1800 1195 1817 ‚
1217 1778 1273 1812 seed

695 1820 780 1851 ultr&
797 1823 921 1863 generis
942 1823 992 1852 sni
1014 1823 1217 1856 nobilitatem
1233 1825 1272 1858 ad

693 1879 812 1910 pravos
819 1879 926 1899 mores
940 1875 972 1899 et
984 1869 1024 1900 ad
1035 1871 1269 1912 impudicitiam

692 1926 807 1956 prona.
820 1932 867 1942 -·—
877 1916 1055 1947 Interdicta
1069 1928 1081 1948 :
1098 1929 1171 1960 quae
1180 1942 1190 1958 ‚
1202 1931 1269 1962 prae

692 1961 823 1992 habitus
836 1962 992 2004 dignitate
1010 1970 1043 1994 et
1063 1966 1268 1999 vestimento-

691 2019 762 2040 rum
779 2010 964 2051 prolixitate
973 2033 982 2048 ,
996 2011 1115 2053 quibus
1128 2022 1161 2044 se
1175 2014 1272 2056 quasi

689 2056 787 2087 vallo
804 2063 925 2095 tuetur,
944 2058 1048 2088 oculis
1059 2059 1125 2090 tuis
1133 2060 1267 2092 interdi-

689 2103 744 2135 cit.
755 2120 804 2127 -—·
822 2105 894 2134 Hoc
894 2102 991 2145 facit
1002 2104 1154 2137 insanum
1170 2119 1181 2138 .·
1196 2109 1264 2150 ipsa

688 2149 820 2181 videndi
840 2149 1028 2190 difficultas,
1055 2152 1119 2194 quil
1143 2154 1263 2196 cupido

687 2203 742 2229 tua
765 2199 880 2229 crescit
893 2205 925 2229 et
942 2200 1099 2232 irritatur.
1116 2217 1161 2225 —
1179 2200 1265 2234 Cirti-

1059 2267 1104 2301 17
