1422 2528
539 103 619 135 LIB.
645 103 678 133 V
702 103 791 135 ODE
814 102 908 134 XVI.

110 161 235 211 Quam
253 175 380 214 neque
396 161 551 199 finitimi
571 161 780 199 valuerunt
797 160 964 212 perdere
982 158 1105 197 Marsi
1125 165 1139 180 2
1150 159 1169 205 ,¹

216 223 380 262 Minacis
401 217 469 262 aut
487 225 650 261 Etrusca
669 225 875 260 Porsennae
891 234 1026 259 manus
1038 250 1048 268 ,

110 285 263 322 AEmula
280 298 351 322 nec
370 284 495 323 virtus
509 286 653 335 Capuae
665 312 674 330 ,
692 296 764 321 nec
780 273 989 333 Spartacus
1009 293 1110 326 acer,
1320 288 1334 312 5

221 345 423 397 Novisque
437 345 555 384 rebus
573 345 740 383 infidelis
758 343 971 390 Allobrox;

111 412 193 448 Nec
209 410 291 448 sera
305 409 471 447 caerulea
489 408 640 446 domuit
658 406 867 446 Germania
886 405 992 457 pube
1010 405 1024 427 3
1036 434 1047 452 ,

218 454 525 520 Parentibusque
545 468 790 506 abominatus
813 465 1020 505 Hannibal.

112 530 238 582 Impia
257 530 464 581 perdemus
483 529 615 568 devoti
633 528 831 580 sanguinis
853 535 971 574 aetas3

112 682 207 713 civile
220 681 377 719 aMario,
398 691 484 712 anuo
510 682 552 712 U.
569 682 605 713 C.
625 681 694 712 665

111 731 290 761 excitatum
299 751 309 766 ‚
321 735 353 758 et
366 729 507 759 Antonii
521 728 646 758 cladem
656 727 696 758 ad

111 777 247 809 Actium
260 786 347 806 anno
365 777 407 807 U.
423 776 460 806 C.
479 785 545 815 722
559 775 696 806 effluxe-

111 830 204 856 runt.

161 881 194 903 α.
218 867 325 901 Marsi
338 880 350 900 .·
369 868 485 900 alludit
508 868 548 899 ad
570 868 694 900 bellum

111 918 252 956 Sociale,
276 917 372 956 cujus
394 916 582 947 concitandi
606 917 695 957 prin-

110 967 200 1008 cipes
207 964 298 996 fuere
306 965 420 1002 Marsi,
435 964 581 994 bellicosi
594 963 694 994 Italiae

109 1012 241 1055 populi.
250 1029 299 1038 --
310 1014 486 1049 Porsennae
495 1023 506 1042 :
517 1013 693 1049 Porsenna,

109 1061 327 1092 Etruscorum
351 1070 426 1097 rex,
457 1059 691 1100 Tarquinium,

106 1108 263 1139 ultimum
272 1111 496 1140 Romanorum
507 1116 624 1148 regem,
633 1117 696 1136 res·

110 1155 229 1186 timere
243 1160 398 1193 conatus3
414 1155 488 1196 qui,
503 1153 604 1185 Mutii
619 1156 694 1185 Sce-

109 1202 195 1235 volae
226 1201 361 1234 audacia
393 1202 540 1240 territus,
570 1201 612 1231 ab
643 1202 694 1231 in-

109 1257 223 1293 cepto,
243 1257 283 1282 ut
303 1250 379 1282 satis
395 1256 514 1280 notum
541 1254 608 1285 est,
636 1247 692 1279 de-

108 1298 210 1334 stitit.
224 1298 470 1331 exercitumque
486 1299 600 1328 Romae
615 1306 694 1327 moe-

109 1339 210 1372 nibus
240 1338 412 1370 admotum
438 1338 616 1367 revocavit.
646 1354 694 1360 —

111 1386 252 1420 AEmula
279 1396 340 1417 nec
370 1383 478 1414 virtus
518 1383 640 1424 Capuoe
682 1395 695 1415 .-

111 1435 239 1477 Capua,
261 1433 341 1464 urbs
365 1431 550 1472 Campaniae
575 1431 694 1472 prima-

110 1483 159 1514 ria
169 1505 178 1520 ‚
194 1481 283 1513 bello
301 1479 426 1511 Punico
442 1477 587 1509 secundo
597 1501 605 1516 ‚
619 1485 695 1519 post

112 1528 247 1561 afflictas
258 1528 298 1559 ab
314 1525 496 1558 Hannibale
509 1526 554 1556 rei
573 1528 693 1558 Roma-

113 1587 166 1608 nae
189 1587 289 1618 opes,
315 1576 351 1605 in
368 1584 458 1615 spem
477 1580 610 1605 venerat
628 1575 692 1604 Ita-

113 1623 166 1654 liae
175 1624 393 1665 principatum
405 1621 606 1664 occupandi3
618 1620 693 1652 ideo

113 1670 168 1702 hic
177 1693 186 1709 ‚
205 1681 264 1712 per
273 1670 448 1712 elegantem
460 1668 674 1711 periphrasim
682 1692 691 1707 ,

114 1720 228 1750 Romae
252 1718 375 1748 aemula
405 1717 597 1747 dicitur.—
621 1717 692 1747 Nec

115 1766 292 1807 Spartacus
315 1775 394 1795 acer
413 1776 425 1794 :
450 1763 607 1806 gladiator
626 1765 692 1794 vir-

114 1820 186 1845 tute
203 1811 319 1843 bellica
334 1812 486 1853 insignis,
503 1810 582 1841 belli
597 1812 693 1842 servi-

113 1861 155 1892 lis
172 1867 288 1892 auctor
297 1867 330 1891 et
344 1859 430 1896 dux,
452 1858 493 1889 de
511 1869 579 1900 quo
594 1856 693 1899 supra

115 1907 179 1940 Od.
193 1909 263 1947 ΙΙΙ,
295 1914 358 1945 14,
390 1917 443 1948 19.
460 1924 508 1931 —
530 1905 693 1947 Novis-que

115 1955 208 1987 nebus
231 1954 372 2000 infidelis
390 1953 553 1984 Allobrox
570 1964 583 1984 .·
602 1953 695 1984 Allo-

114 2001 250 2046 broges,
266 2001 383 2044 populi
406 2001 521 2031 Galliae
537 2001 694 2042 antiquae,

115 2047 207 2081 nnnc
229 2049 370 2082 Sabaudi
397 2059 434 2080 ac
465 2048 694 2090 Delphinates‚

116 2096 262 2128 Catilinae
275 2096 469 2132 studebant,
482 2106 518 2126 ac
534 2106 584 2126 res
596 2106 696 2126 novas

117 2143 347 2182 moliebantur,
367 2143 403 2174 id
417 2151 464 2174 est
475 2167 483 2181 ,
501 2142 692 2184 reipublicae

115 2196 236 2221 statum
249 2191 430 2222 convellere
442 2190 620 2221 tentabant.
631 2192 694 2221 Do-

116 2238 188 2269 miti
201 2245 278 2270 sunt
290 2237 434 2281 primum
450 2237 467 2269 a
487 2238 565 2270 Caio
577 2240 694 2280 Pomp-

750 681 854 718 tinio‚
878 686 915 709 ut
934 678 1031 710 docet
1051 678 1181 710 Tullius
1204 680 1239 709 in
1261 690 1330 711 ora-

750 728 840 757 tione
853 726 893 757 de
904 725 1080 756 Provinciis
1098 726 1331 759 consularibus.

748 776 883 805 Detecta
901 773 1034 804 illorum
1056 773 1197 804 subinde
1223 776 1332 806 consi-

749 821 791 851 lia
819 821 953 851 fuerunt
986 820 1153 862 vigilantia
1186 821 1332 860 ejusdem

749 869 933 905 Ciceronis,
975 866 1046 899 tum
1079 868 1240 907 consulis,
1277 871 1332 900 cui

747 916 1008 955 conjurationem
1028 925 1159 947 omnem
1187 915 1331 958 denique

747 969 964 1005 aperuerunt,
985 961 1061 993 cum
1074 962 1092 993 a
1103 963 1240 995 Catilina
1259 963 1331 994 des-

749 1012 913 1042 civissent.
946 1010 1034 1042 Hinc
1063 1010 1210 1054 infideles
1243 1010 1331 1042 novis

749 1057 861 1095 rebus,
890 1057 926 1088 id
952 1064 1020 1096 est,
1047 1059 1270 1097 conjurationi
1298 1066 1331 1089 et

748 1105 895 1147 partibus
907 1105 1066 1143 Catilinae,
1078 1105 1243 1144 dicuntur,
1255 1106 1331 1147 quia

747 1151 848 1183 fidem
862 1153 911 1183 illi
931 1152 1038 1183 datam
1050 1152 1229 1194 fregerunt.
1245 1153 1308 1184 vel
1320 1175 1329 1191 ,

748 1200 939 1241 simpliciter
954 1199 1099 1241 explica,
1115 1199 1264 1243 infideles
1274 1211 1331 1231 no-

747 1247 792 1278 vis
802 1247 909 1284 rebus,
926 1247 960 1278 id
979 1254 1044 1285 est,
1063 1248 1099 1277 in
1109 1247 1207 1278 rebus
1221 1248 1327 1283 novis,

747 1295 806 1325 ubi
835 1295 951 1336 aliquis
982 1294 1142 1325 tumultus
1165 1301 1198 1324 et
1222 1295 1331 1336 reipu-

748 1340 844 1367 blicae
857 1343 1028 1368 conversio
1043 1343 1196 1368 existeret
1205 1361 1214 1376 ,
1229 1339 1331 1370 fidem

748 1383 856 1415 datam
889 1395 1016 1415 servare
1049 1395 1119 1415 non
1148 1385 1256 1425 soliti,
1280 1398 1331 1418 res

747 1442 848 1462 novas
863 1432 1076 1462 molientibus
1098 1433 1205 1463 favere
1218 1444 1328 1464 aman-

747 1485 806 1510 tes.
825 1480 1005 1510 Posteriori
1027 1481 1290 1521 interpretationi
1311 1480 1330 1511 εὶ

747 1528 830 1558 Ren.
857 1528 952 1558 Binet
971 1526 1132 1568 adoptatae
1151 1527 1258 1558 favere
1281 1530 1329 1559 vi-

746 1573 844 1604 detur
861 1576 1034 1605 universus
1053 1576 1204 1605 carminis
1222 1582 1327 1607 tenor.

797 1622 829 1652 3.
845 1622 917 1652 Nec
929 1620 1016 1663 fera
1039 1619 1180 1652 caeruled
1203 1622 1329 1654 domuit

750 1667 932 1699 Germania
945 1668 1031 1710 pube
1043 1680 1055 1699 .·
1072 1669 1267 1708 Germanis,
1281 1672 1329 1701 in-

746 1716 818 1757 quit
841 1718 990 1755 Tacitus,
1007 1723 1111 1746 truces
1134 1727 1175 1747 ac
1198 1717 1330 1748 coerulei

747 1763 847 1800 oculi;
863 1764 1016 1795 German.
1031 1765 1088 1794 IV.
1100 1765 1177 1795 Non
1189 1763 1329 1795 dubium

747 1817 794 1841 est
812 1812 893 1852 quin
905 1811 960 1841 hic
976 1811 1099 1841 mentio
1115 1809 1173 1841 fiat
1185 1810 1226 1841 de
1245 1812 1329 1843 Cim·
1368 1836 1375 1840 .

746 1857 814 1888 bris
829 1865 861 1888 et
874 1858 1096 1895 Teutonibus‚
1114 1868 1197 1899 quos
1215 1858 1232 1888 ὲ
1250 1859 1329 1889 Ger-

748 1906 882 1935 manicis
898 1905 1074 1947 paludibus
1084 1904 1124 1934 ad
1133 1905 1256 1936 Italiam
1267 1917 1327 1948 op-

747 1952 956 1995 pugnandam
984 1953 1152 1994 profectos
1177 1954 1326 1991 Marius,

749 2010 835 2031 anno
851 2001 893 2031 U.
907 2000 943 2032 C.
961 2000 1005 2031 65
1010 2011 1027 2030 2
1039 2023 1047 2038 ,
1073 1999 1112 2030 ad
1133 2000 1328 2031 internecio-
1340 2010 1365 2021 ·

748 2058 823 2078 nem
836 2046 1032 2089 profligavit.
1049 2064 1098 2071 -
1115 2046 1326 2087 J'arencibus·

749 2106 812 2137 que
831 2094 1039 2125 abominatus
1054 2094 1228 2125 Hannibal
1244 2106 1255 2124 :
1271 2105 1325 2125 eo-

747 2143 823 2173 dem
851 2153 948 2172 sensu
975 2153 1041 2184 quo
1069 2140 1167 2183 supra
1198 2141 1262 2172 Od.
1290 2143 1323 2178 Ι,

754 2201 789 2228 1,
818 2195 881 2228 24,
906 2189 1056 2231 bellaque
1083 2187 1236 2220 matribus
1260 2189 1326 2218 De-

750 2229 882 2269 tesscaea.
901 2252 949 2262 -·
967 2236 1075 2279 Impia
1087 2235 1259 2277 perdemus
1271 2234 1326 2265 de·
