1404 2522
672 126 732 189 xij

166 203 364 261 Augusto
383 211 480 248 verb
506 211 632 264 quam
656 225 702 252 se
727 211 990 268 probaverit,
1019 214 1194 272 cogitari
1211 231 1294 274 po-

106 277 205 320 test,
239 269 337 311 cum
372 273 657 328 Epistolarum
691 275 897 332 officium,
932 281 1105 336 unaque
1135 282 1294 339 regiam

107 347 295 375 mensam
312 337 350 376 ei
365 336 564 379 obtulerit
576 360 602 391 1,
617 354 756 396 neque
773 337 930 395 tameff,
953 343 1051 385 cum
1063 358 1296 401 recusaret,

109 397 336 454 quicquam
356 401 393 440 ei
412 403 717 457 succensuerit,
741 416 790 445 ut
813 420 900 447 non
930 418 971 448 et
988 405 1038 448 ‘in
1065 410 1299 453 amicorum

108 463 287 505 haberet
303 465 416 519 loco,
434 466 540 508 datis
560 467 613 508 ad
631 483 727 510 eum
743 469 872 512 literis
884 503 894 523 ‚
917 473 1071 528 quibus
1093 475 1296 518 admone-

108 526 182 568 bat
210 528 565 573 modestissimum
597 533 834 588 hominem,
867 549 1050 579 sumeret
1077 540 1157 579 sibi
1183 540 1298 597 apud

108 592 228 634 illum
248 595 354 646 juris
378 596 557 653 aliquid,
581 600 654 655 qui
674 610 716 640 et
736 601 990 643 convictoris
1007 618 1151 646 secum
1175 605 1294 648 inve-

106 660 199 700 nire
213 660 356 702 locum
373 675 526 718 posset.
543 664 726 705 Tantum
739 666 905 707 volebat
921 669 1055 709 Caesar
1071 672 1295 722 majestatis

106 740 191 766 suae
204 726 411 781 oblivisci,
428 728 677 786 tantumque
694 745 859 771 summo
875 732 953 773 viri
966 732 1138 790 ingenio
1155 736 1292 778 delec-

107 791 288 845 tabatur,
301 803 357 833 nt
372 804 413 833 et
432 795 465 834 si
480 794 549 835 ille
565 809 683 836 suam
701 796 924 852 sprevisset
942 798 1165 841 amicitiam
1178 802 1295 858 ,ipse

104 858 288 899 vicissim
315 859 646 900 homuncionem
678 863 948 917 nequaquam
982 874 1295 919 contemneret,

104 922 180 965 sed
196 923 247 965 e'o
261 924 473 966 liberrime
489 924 630 967 adhuc
648 936 852 981 uteretur,
872 927 1082 985 donisque
1098 930 1296 974 redderet

103 989 223 1030 illum
239 989 447 1031 ditiorem.

164 1055 331 1112 Fingite
346 1056 449 1096 mihi
468 1055 601 1111 nunc,
616 1059 649 1099 si
666 1061 749 1114 qua
767 1058 859 1101 fieri
872 1062 1023 1117 possit,
1039 1063 1295 1114 majestatem

109 1136 157 1162 ac
184 1122 416 1178 potentiam
438 1124 634 1164 Caesareae
660 1123 719 1164 illi
738 1139 900 1180 parem,
918 1127 983 1167 vel
1005 1127 1130 1184 longe
1156 1127 1295 1168 mino-

108 1200 216 1239 rem,
234 1197 275 1227 et
291 1187 494 1227 nonnulla
510 1187 673 1228 tantum
690 1201 807 1244 parte
824 1190 1170 1246 comparandam,
1185 1202 1227 1232 et
1241 1190 1296 1231 ad

109 1265 206 1292 eum
225 1250 349 1292 simul
364 1250 570 1292 admittite
590 1264 758 1308 poetam
786 1254 950 1294 Horatii
971 1255 1164 1311 ingenio,
1191 1255 1295 1296 doc-

108 1316 219 1357 trina
247 1327 288 1356 et
323 1315 525 1372 elegantia
553 1316 688 1357 multo
719 1317 984 1371 inferiorem,
1016 1320 1295 1376 quisquamne

107 1380 303 1422 nostrum
317 1380 499 1433 dubitet,
517 1380 619 1437 quin
635 1383 719 1422 tam
734 1393 885 1438 potens
899 1383 1148 1440 pollensque
1164 1385 1295 1425 homo

108 1461 274 1498 omnes,
290 1446 363 1502 qui
378 1445 527 1486 eodem
540 1445 715 1487 tendere
725 1478 735 1498 ,
749 1447 814 1487 vel
825 1448 995 1505 vestigia
1009 1447 1145 1489 sol-iun
1157 1449 1296 1506 legere

108 1513 199 1552 ausi
231 1512 407 1563 fuerint,
434 1522 482 1551 ut
511 1511 607 1552 viles
633 1511 789 1554 animas
815 1523 855 1552 et
883 1512 1052 1553 umbras
1074 1513 1294 1555 volitantes

109 1578 162 1617 sit
187 1575 481 1633 despecturus,
501 1566 550 1617 *et
571 1575 713 1632 potius
741 1575 866 1632 q'uam
895 1577 947 1617 sit
975 1577 1295 1620 commendatu-

108 1657 200 1695 rus,
217 1640 399 1695 eosdem¹
418 1641 562 1682 aulicis
582 1640 668 1681 suis
700 1640 953 1682 deridendos
984 1643 1196 1698 propinet.
1224 1643 1295 1684 Ad

108 1707 345 1763 exemplum
371 1708 471 1746 vero
494 1706 652 1758 Flacci,
683 1706 849 1763 viginti,
883 1716 956 1746 aut
978 1706 1118 1762 plures
1151 1707 1293 1763 aliquo

109 1788 252 1814 secum
273 1772 315 1812 in
333 1786 512 1812 numero
531 1782 578 1811 ut
600 1772 751 1812 habeat
765 1787 794 1823 2,
815 1781 887 1812 aut
905 1782 1119 1812 recenseat
1130 1771 1293 1828 aliquos

108 1840 171 1879 uti
187 1853 274 1878 non
297 1836 430 1877 infimi
446 1836 631 1877 subsellii
649 1837 783 1889 viros,
798 1836 842 1876 id
862 1839 962 1879 vero
988 1847 1096 1878 esset
1117 1838 1294 1879 corollas

108 1903 234 1959 capiti
257 1917 335 1943 suo
355 1902 600 1958 decerpere,
627 1913 668 1942 et
684 1902 858 1958 gloriam
876 1902 954 1942 sibi
971 1900 1199 1959 paucisque
1216 1902 1292 1943 de-

105 1968 235 2011 bitam
256 1967 506 2007 imminuere
522 1966 645 2022 plane
661 1981 709 2007 ac
727 1967 946 2007 invertere.

163 2032 288 2075 Unde
306 2034 407 2075 vero
424 2033 543 2073 anxia
559 2032 626 2072 illa
643 2047 743 2073 cura
758 2042 885 2088 atque
898 2033 1057 2087 cautio,
1073 2033 1152 2074 nisi
1175 2033 1293 2089 quod

155 2200 165 2216 ¹
184 2195 269 2225 Suet.
285 2191 316 2223 d.
336 2191 358 2223 1.
370 2209 415 2216 —-
432 2194 445 2210 ²
462 2190 504 2221 V.
520 2189 604 2221 satir.
623 2198 672 2220 10.
