1422 2528
543 122 625 155 Lm.
649 123 697 154 ιν
721 122 810 154 oDE
834 122 911 153 vn.
1117 102 1126 109 ⁹
1298 122 1338 160 37

327 185 408 222 Nos
430 181 497 220 ubi
515 182 729 220 decidimus
748 180 763 204 ⁵

117 245 206 295 Quo
226 246 314 298 pius
335 247 488 291 AEnea8‚
506 242 585 294 (Ῑιιὸ
603 243 738 281 Tullus
759 242 867 280 dives
883 250 921 279 et
943 243 1093 288 Aucus,
1307 251 1338 275 15

330 306 458 344 Pulvis
478 315 517 343 et
538 304 677 343 umbra
695 316 840 342 sumus.

115 470 287 512 inquiunt,
312 468 463 499 interitus
490 467 545 497 ille
570 477 638 497 non
656 467 698 497 sit

119 524 274 555 aeternus,
298 515 355 546 sed
385 526 443 557 per
471 514 586 552 Iunas,
603 513 637 545 h.
667 524 696 546 e.

114 575 181 606 per-
198 573 320 594 menses
336 562 399 593 sibi
421 562 563 592 invicem
586 571 698 591 succe-

115 611 226 642 dentes
254 616 433 652 reparetur.
453 609 504 640 Sic
535 610 696 649 interpre-

117 659 176 690 tati
206 664 284 688 sunt
327 657 494 687 Dacierius
506 679 514 694 ,
549 655 696 695 Sanad0‚

115 704 339 737 Mitscherlich
351 727 359 742 ,
380 704 531 744 Doering,
548 704 698 740 Batteux‚

117 754 200 784 Ren.
219 752 333 789 Binet,
349 749 463 780 contr&
480 761 622 791 quorum
633 751 702 791 opi-

115 801 247 831 nionem
262 799 429 840 insurgere
439 821 447 835 ‚
467 798 536 828 siue
552 798 700 838 gravissi-

114 848 160 877 mi
173 846 331 877 momenti
344 844 525 876 rationibus
534 867 544 883 ,
554 855 614 875 nos
630 855 699 876 non

119 893 266 925 decebat.

163 943 224 972 Per
253 940 378 970 dmnna
406 939 569 977 coelestia,
594 939 700 970 multo

115 988 314 1029 simpliciore
327 998 423 1018 sensu
443 987 526 1017 nihil
546 987 634 1018 atiud
651 988 702 1018 in-

116 1034 292 1076 telligimus
305 1033 403 1076 quam
420 1041 582 1065 menstrua
599 1035 702 1076 ipsius

114 1082 203 1113 lunae
219 1081 422 1112 decrementa
433 1104 442 1118 ,
456 1092 527 1123 quae
538 1105 547 1119 ,
559 1082 694 1120 damna,

115 1127 135 1160 εὶ
157 1129 270 1160 multis
294 1130 400 1171 poetis
426 1130 563 1159 Horatio
589 1136 696 1171 poste-

116 1176 260 1208 rioribus
275 1176 432 1218 appellata
447 1183 525 1207 sunt
535 1200 543 1214 ‚
560 1188 697 1218 quaeque

114 1230 190 1266 post
205 1234 329 1266 paucos
343 1224 428 1261 dies,
449 1223 528 1254 luna
544 1225 582 1254 in
602 1235 698 1255 suum

114 1270 229 1304 orbem
256 1270 431 1308 redeunte,
457 1271 523 1301 cito
553 1283 699 1313 reparan-

116 1325 181 1350 tur.
196 1317 292 1350 Unde
307 1318 478 1357 Manilius,
497 1321 630 1350 Astron.
647 1321 693 1356 II,

118 1365 162 1406 95
188 1375 197 1399 ς
222 1367 264 1396 Et
291 1366 364 1396 ciam
388 1365 503 1396 damna
529 1374 603 1396 tuas
631 1366 699 1396 imi-

117 1418 249 1450 cantur,
273 1413 391 1450 Delia,
410 1413 508 1444 vires.
529 1415 570 1444 Et
584 1413 695 1445 Sidon.

118 1459 265 1501 Apollin.
290 1463 366 1497 XV,
397 1467 438 1497 41
464 1470 472 1491 :
493 1459 581 1500 Quid
595 1472 698 1491 mens-

118 1515 192 1537 trua
213 1507 298 1538 ltmoe
327 1508 537 1537 Incrementa
554 1516 693 1548 parent,

120 1552 254 1585 totidem
287 1554 344 1584 civ·
365 1554 481 1585 damna
507 1563 694 1596 sequantur.

161 1599 236 1642 thm
257 1601 336 1632 vero
355 1601 465 1632 dicant
484 1601 663 1633 doctissimi
677 1602 695 1633 ἐι

119 1647 240 1689 quibus
255 1647 462 1680 dissentimus
484 1650 693 1691 interpretes,

117 1693 199 1736 quid
213 1694 332 1726 damni
343 1695 360 1726 e
382 1702 607 1736 tempestatum
623 1699 696 1729 vici-

116 1740 180 1772 bus
193 1742 308 1774 coelum
318 1745 385 1784 pati
396 1743 550 1782 videatur,
562 1755 694 1786 praeser-

115 1789 174 1821 fim
202 1800 277 1820 cnm
300 1801 356 1820 ver
380 1790 531 1833 hyemem
555 1793 694 1834 excipit,

115 1834 190 1868 cnm
211 1844 406 1869 auctumnus
430 1839 557 1869 aestivos
576 1839 697 1870 calores

114 1883 225 1923 sedat3
242 1884 373 1923 dicant,
399 1885 524 1916 etiamsi
543 1886 608 1916 inae
626 1898 697 1917 mu-

117 1932 253 1963 tationes
274 1939 459 1974 temporum
481 1933 591 1964 revera
607 1934 698 1964 dam-

115 1976 174 2016 πὶ,
195 1989 265 2010 non
288 1979 305 2010 ὲ
326 1980 440 2011 eontra
465 1982 598 2012 maximi
612 1992 698 2012 com-

115 2025 205 2057 modi
217 2026 291 2058 loco
305 2026 464 2058 habendae
477 2035 581 2058 essent
592 2052 600 2067 ,
616 2029 697 2070 quid

116 2073 244 2115 imperii
258 2074 346 2104 lunae
359 2075 493 2113 celeres,
509 2075 542 2106 h.
559 2086 588 2108 e.
605 2088 695 2107 men·

117 2121 212 2152 min
228 2120 279 2152 eas
291 2130 489 2160 exercerem,
502 2121 577 2153 ciun
593 2124 696 2155 tribus

118 2168 283 2199 mensibus
320 2180 523 2211 unaquaeque
561 2177 695 2212 tempes-

118 2219 166 2244 tas
187 2223 328 2255 constet,
342 2224 374 2247 et
399 2217 460 2247 sub
487 2218 584 2249 trium
602 2218 694 2250 luna-

116 2270 190 2291 rum
205 2262 335 2294 influxu
346 2263 503 2296 decurrat.

307 2319 359 2355 11.

799 465 963 496 Gratulari
995 465 1090 496 nobis
1123 466 1217 496 liceat
1249 467 1338 508 quod

753 520 862 542 nostra
885 514 1110 554 interpretatio
1139 512 1238 544 unica
1265 516 1339 556 qui·

752 558 826 590 dem
837 583 846 598 ‚
857 559 913 590 sed
927 559 1040 602 magua
1054 560 1172 599 clariss,
1185 562 1338 593 virivan-

751 606 919 650 derbourg
940 609 1133 638 auctoritate
1159 619 1226 638 sese
1245 615 1334 640 tuea-

753 660 823 693 tur,
841 657 899 696 qui
919 666 1047 686 versum
1058 656 1275 687 Horatianum
1290 656 1336 688 sic

754 702 788 732 in
813 709 957 732 nostram
986 702 1132 744 linguam
1153 703 1337 736 Transtulit.

754 749 841 779 Mais
857 750 886 780 le
890 750 1064 794 flambeau
1075 750 1132 780 des
1146 750 1242 787 nuits,
1255 751 1339 782 dans

753 807 791 826 sa
807 807 917 827 course
935 797 1069 838 rapide,
1088 798 1162 827 Saic
1179 798 1340 830 rallumer

754 844 802 875 les
811 844 901 887 fernz
920 856 962 886 qu
967 845 1003 874 'il
1020 856 1042 875 a
1053 845 1184 886 perdas.

803 892 834 923 5.
852 893 922 922 Nos
941 890 994 923 ubi
1009 891 1216 923 deci':d1mus
1236 893 1337 935 junge

753 939 817 969 hoc
849 939 1003 976 verbum,
1030 939 1229 978 decidimus,
1264 952 1338 972 cunt

755 987 992 1026 conjunctione
1046 998 1133 1034 quae,
1170 989 1336 1029 sequitur,

756 1034 839 1075 qffl‘H
858 1045 917 1065 nos
936 1035 995 1065 ubi
1009 1035 1043 1065 in
1066 1045 1134 1066 eam
1158 1035 1267 1071 sedem
1283 1035 1336 1076 ad-

757 1082 919 1118 venimus,
940 1093 1037 1123 quam
1058 1083 1252 1123 attigerunt,
1272 1090 1333 1116 etc.

751 1147 799 1151 —
811 1129 883 1170 ριιὺ
899 1129 972 1171 pius
989 1131 1128 1166 AEneas,
1142 1130 1205 1172 quo
1227 1131 1337 1161 Tullus

753 1175 839 1206 dives
867 1183 900 1207 ec
928 1179 1068 1208 Ancus:
1086 1179 1220 1208 nomina
1240 1189 1334 1222 quae-

753 1223 827 1254 dam
857 1225 944 1265 apud
978 1228 1143 1256 Romanos
1176 1218 1337 1258 celebtata

752 1272 913 1313 percurrit
947 1280 984 1302 ut
1020 1272 1169 1303 ostendat
1204 1272 1334 1304 nullum

754 1319 890 1349 omnino
915 1320 1080 1352 hominem
1104 1320 1172 1350 sive
1198 1321 1336 1362 pietate,

752 1366 820 1396 sive
843 1367 940 1408 regali
963 1367 1139 1409 dignitate,
1157 1378 1213 1397 seu
1244 1364 1334 1399 deni-

751 1423 816 1454 que
833 1413 954 1444 divitiis
980 1421 1199 1456 praestantem,
1228 1413 1246 1444 ΞΔ
1269 1413 1335 1449 mo*-

750 1460 856 1490 riendi
879 1462 1069 1498 conditione
1090 1463 1269 1492 immunem
1287 1474 1335 1493 es-

750 1519 800 1545 se;
826 1509 918 1549 quod
935 1509 1050 1542 eodem
1067 1510 1132 1540 fere
1155 1509 1254 1540 modo
1277 1510 1333 1542 de-

749 1562 984 1587 monstraverat
993 1555 1178 1602 supra‚0d.
1187 1559 1214 1595 Ι,
1228 1558 1312 1597 28,
1299 1584 1308 1598 Ι
1324 1584 1332 1598 ‚

750 1613 826 1633 cum
841 1604 1031 1646 Archytas'
1023 1616 1059 1634 tu
1076 1604 1161 1635 hanc
1179 1616 1246 1635 rem
1263 1606 1333 1637 lau-

750 1650 804 1680 dat
831 1651 1024 1690 Tantalum,
1049 1652 1248 1690 Tithonum,
1269 1655 1332 1685 Mi-

749 1708 813 1728 noa
839 1706 872 1729 et
890 1699 1119 1741 Pythagoram.
1143 1700 1257 1730 Tullus
1282 1701 1331 1732 di-

750 1756 802 1776 ves
844 1746 974 1783 dicitur,
1011 1747 1087 1788 quia
1125 1747 1332 1779 Albanorum

750 1804 827 1834 opes
859 1796 996 1824 Romam
1029 1794 1252 1832 transtulerat,
1276 1795 1331 1826 hs.—

750 1839 838 1879 bita,
867 1848 903 1870 ut
928 1840 1037 1878 decet,
1066 1848 1251 1883 temporum
1283 1855 1331 1874 ra-

751 1888 851 1919 tione.
871 1888 1066 1929 Quanquam
1087 1896 1165 1919 sunt
1189 1891 1247 1930 qui
1267 1891 1331 1923 hoc

751 1935 937 1976 epitheton,
962 1935 1066 1974 dives,
1094 1936 1134 1966 ad
1153 1944 1332 1980 utrumque

751 1994 859 2024 regem
875 1983 1034 2022 referant,
1055 1990 1190 2014 testante
1215 1987 1327 2027 Livio,
1347 2020 1358 2026 ,

752 2031 788 2067 Ι,
813 2031 853 2061 31
875 2033 938 2062 :In
964 2028 1089 2073 magnei
1103 2029 1212 2074 glorid
1234 2044 1329 2078 mag-

753 2077 866 2120 nisque
892 2078 1001 2119 opibus
1020 2089 1154 2121 regnum
1181 2081 1269 2111 Tulli
1290 2094 1331 2113 ac

753 2132 854 2156 totam
873 2137 941 2156 rem
966 2128 1151 2157 Romanam
1155 2125 1262 2168 sitisse
1268 2152 1280 2167 ,
1300 2137 1332 2161 et

753 2173 851 2213 paulo
881 2181 968 2214 post,
1005 2175 1046 2204 33
1071 2183 1079 2205 :
1106 2175 1183 2204 Non
1220 2176 1330 2208 urbem

751 2220 879 2250 tantiam
894 2231 969 2262 rege
988 2222 1084 2252 Anco
1109 2221 1258 2261 crevisse,
1274 2225 1334 2255 sed

748 2266 846 2298 ειῐὰιη
876 2278 991 2310 agrum
1014 2267 1174 2310 finesque„
1194 2288 1241 2293 -—
1256 2272 1331 2302 Pu!-

1153 2326 1174 2366 lt
