1404 2522
746 178 792 207 Vl

168 245 310 289 tulerit
327 247 511 304 insignes
528 244 721 286 doctrina
734 245 845 287 viros
864 267 874 284 ι
887 276 898 298 ,
911 245 978 285 uti
1000 245 1172 302 quidem
1197 246 1354 304 opibus

169 323 210 353 et
233 312 423 369 potentia
456 326 527 352 eos
557 309 610 351 ad
637 325 682 351 se
710 309 939 350 allicefecit.
973 310 1140 351 Scilicet
1164 310 1289 352 luxus
1315 320 1357 353 et

169 378 359 430 avaritia,
379 377 423 417 in
443 376 602 433 magnis
618 375 795 416 urbibus
819 375 1097 429 dominantia,
1113 377 1358 432 extinguere

167 442 234 482 vel
261 442 422 482 solvere
449 442 618 496 ingenia
643 440 791 480 solent.
819 441 976 480 Contra
990 442 1115 493 vero,
1139 441 1212 496 qui
1224 451 1360 495 artem

167 507 337 548 vivendi
359 505 632 562 sapiendique
655 504 916 561 intelligunt,
939 504 989 545 ad
1018 505 1213 562 praeclara
1242 520 1356 561 quae-

165 571 225 613 vis
241 585 459 628 assurgere
474 602 486 624 ,
507 584 692 626 suosque
712 568 892 610 educere
913 568 967 609 ad
979 570 1144 611 virtutis
1165 569 1356 611 honesti-

169 651 251 693 que
268 636 451 689 cultum,
473 634 738 692 potissimum
747 633 950 685 judicant.

225 702 334 743 Talis
364 712 452 743 erat
482 700 619 741 Flacci
649 699 783 740 nostri
814 715 989 756 parens,
1023 700 1154 741 homo
1187 700 1357 742 humilis

167 760 316 818 sortis,
353 766 599 818 libertinus,
634 775 804 806 coactor
840 765 1103 807 exactionum
1130 765 1196 806 vel
1229 764 1355 806 salsa-

167 833 413 875 mentarius.
437 833 518 874 Hic
535 833 674 873 tamen
702 831 853 873 Flacco
879 841 1048 883 nostro,
1061 832 1147 883 jam
1163 833 1357 888 Augusto

169 898 448 941 etaMaecenati
464 913 562 939 caro
578 889 879 953 familiarique,
901 899 985 936 tam
1004 911 1091 937 non
1106 895 1356 936 inficiandus

166 962 481 1020 pudendusque
506 974 625 1020 pater
650 963 760 1004 visus
790 973 873 1014 est,
898 971 948 1001 ut
967 963 1046 1001 nec
1064 961 1191 1001 alium
1209 961 1353 1016 optas-

167 1041 252 1082 set,
274 1030 310 1071 si
333 1039 482 1070 natura
502 1043 674 1086 quoque
695 1027 740 1067 id
762 1028 915 1068 sineret
929 1029 959 1068 ².
981 1027 1059 1067 Vir
1079 1028 1192 1067 enim
1215 1026 1355 1066 animo

167 1099 294 1153 supra
316 1095 531 1136 fortunam
549 1105 710 1147 erecto,
734 1108 812 1134 nec
832 1093 911 1133 sibi
926 1107 1004 1134 nec
1025 1092 1112 1133 filio
1126 1091 1285 1144 timuit,
1307 1102 1356 1132 ut

167 1161 261 1217 quis
293 1161 394 1201 vitio
423 1170 626 1212 verteret,
658 1157 775 1215 quod
809 1168 988 1212 uterque
1017 1156 1128 1197 forte
1149 1155 1353 1213 praeconis

167 1227 424 1267 coactorisve
446 1225 733 1266 conditionem
756 1239 843 1264 non
874 1221 1118 1276 excederet,
1142 1223 1178 1263 si
1207 1220 1353 1272 modo,

168 1292 301 1348 qualis
322 1292 411 1347 ipse
439 1301 546 1343 erat,
568 1291 795 1342 honestus,
821 1299 863 1330 et
887 1289 939 1330 ab
967 1289 1084 1329 omni
1100 1287 1219 1345 turpi
1242 1287 1353 1329 facto

167 1357 490 1414 opprobrioque
507 1367 615 1396 esset
633 1356 751 1396 liber.

225 1422 376 1477 Neque
409 1422 508 1466 satis
538 1430 626 1461 erat
656 1420 764 1476 patri
799 1420 978 1475 optimo,
1010 1420 1046 1460 si
1080 1420 1234 1475 partim
1261 1432 1354 1474 spe·
1394 1430 1404 1439 ·

168 1501 261 1527 rare
289 1485 358 1525 illa
383 1485 435 1527 de
459 1486 574 1526 bona
605 1484 678 1524 filii
706 1482 871 1536 indole,
900 1484 1053 1539 partim
1077 1482 1243 1523 assidua
1267 1483 1356 1535 ejus

99 1586 104 1594 ,
154 1551 435 1592 ‘observantia
454 1551 498 1589 in
525 1563 647 1590 cereo
669 1548 810 1588 animo
832 1547 999 1588 efficere
1029 1558 1192 1604 posset;
1219 1557 1357 1588 cetera

168 1616 293 1656 unice
313 1614 536 1667 sollicitus,
562 1614 646 1670 qua
674 1613 837 1654 ratione
864 1622 1118 1668 emergeret,
1138 1621 1181 1652 et
1194 1626 1355 1668 pennas

169 1678 272 1720 nido
307 1680 486 1731 majores
520 1689 629 1719 esset
669 1688 929 1718 extensurus.
962 1676 1088 1728 Mihi,
1122 1675 1188 1717 vel
1214 1675 1355 1732 potius

168 1745 319 1787 Flacco
345 1756 493 1786 nostro
515 1742 692 1796 credite5
711 1758 799 1784 non
823 1743 866 1784 id
889 1757 1095 1799 generoso
1112 1741 1191 1782 viri
1215 1742 1356 1783 animo

170 1810 398 1863 insidebat,
435 1820 503 1863 ut,
543 1807 658 1850 unde
706 1808 943 1849 uberrimus
988 1808 1133 1847 Romae
1172 1818 1357 1862 quaestus

170 1887 280 1929 erat,
307 1875 566 1918 exactissima
597 1872 830 1915 foenerandi
857 1870 995 1914 studia
1017 1873 1059 1913 in
1079 1871 1210 1915 Flavii
1234 1871 1356 1924 ludo,

215 2027 227 2043 ¹
250 2023 298 2052 Ita
322 2022 432 2054 Cicero
455 2022 609 2064 Arpinas,
634 2021 802 2052 Terentius
823 2020 912 2058 Afer,
935 2019 1066 2051 Plautus
1101 2016 1232 2054 Umber,
1259 2017 1358 2048 Corn.

170 2078 277 2118 Nepos
300 2077 375 2108 Padi
395 2077 521 2115 accola,
543 2077 594 2107 vel
613 2076 710 2106 Italus
737 2082 791 2105 aut
813 2074 940 2112 Gallus,
968 2072 1122 2113 Virgilius
1147 2073 1359 2109 Mantuanus,

169 2130 313 2162 Catullus
327 2131 521 2160 Veronensis
531 2152 540 2168 ,
560 2129 742 2169 Propertius
758 2126 890 2164 Umber,
901 2125 1035 2157 Ovidius
1052 2124 1285 2162 Sulmonensis,
1295 2123 1360 2154 Sal-

168 2184 284 2214 lustius
301 2183 436 2215 Sabinus
447 2207 456 2224 ,
482 2185 590 2215 Livius
613 2183 782 2214 Patavinus
804 2180 911 2220 fuere,
935 2187 971 2211 ut
987 2179 1067 2210 alios
1082 2185 1212 2211 taceam.
1228 2194 1274 2202 --
1286 2183 1299 2200 ²
1319 2179 1359 2208 V.

172 2240 235 2269 Sat.
254 2237 274 2268 6
285 2259 295 2277 ‚
310 2237 332 2268 l.
352 2239 379 2269 Ι.
