1422 2528
0 0 127 100 pawn
146 0 355 33 <ms-³
379 0 387 4 ''

0 100 13 121 ,ι
50 91 53 94 ’
100 107 106 111 -
279 99 291 116 .-

500 111 504 117 ‘
559 141 677 174 ΕΒΔ-Ι
702 139 863 174 SATIRA
885 142 929 174 X.

1292 151 1359 184 279

136 202 385 257 Scripturus3
398 198 548 255 neque,
567 211 606 242 te
622 212 667 242 ut
686 202 852 242 miretur
871 200 1012 252 turba,
1028 201 1183 241 labores
1197 231 1208 251 ,

135 267 350 305 Contentus
371 265 506 318 paucis
525 264 751 305 lectoribus.
768 267 830 303 An
850 273 918 303 tua
934 263 1092 303 demens

134 326 288 367 Vilibus
306 328 347 366 in
364 327 466 366 ludis
486 326 627 365 dictari
646 326 820 385 carmina
838 325 948 364 malis
967 327 1026 364 2⁹?
1327 334 1360 369 7⁵

134 392 224 429 Non
238 393 421 442 ego3nam
429 388 520 428 satis
529 398 586 428 est
595 388 767 440 equitem
780 387 812 410 ³0
826 387 922 426 mihi
933 387 1142 439 plaudere,
1154 395 1199 427 ut
1214 385 1357 434 audax,

135 451 379 503 Contemptis
394 451 498 500 aliis,
513 451 672 502 explosa
693 448 914 499 Arbuscula
931 449 1043 487 dixit.

134 512 238 551 Men'
252 520 408 552 moveat
425 513 550 552 cimex
570 512 781 551 Pantilius?
801 519 869 550 aut
889 511 1055 560 crucier,
1075 510 1186 563 quod

133 575 297 614 Vellicet
313 575 512 615 absentem
531 575 780 614 Demetrius?
804 582 871 612 aut
890 572 997 625 quod
1018 574 1175 627 ineptus

134 637 303 676 Fannius
322 636 580 688 Hermogenis
598 636 713 675 laedat
731 634 898 675 conviva
914 633 1076 686 Tigelli?
1326 643 1359 668 so

132 840 212 872 dum
247 841 338 884 quod
369 841 518 872 acumine
551 842 711 883 seriptum

133 895 212 922 erat.
236 906 283 914 --
306 890 422 931 Neque
450 896 482 920 te
516 895 552 920 uc
578 888 714 919 miretur

133 935 227 968 turba
268 936 395 968 labores
436 947 448 967 :
484 948 543 979 per
583 936 712 968 turbam

132 984 279 1027 intellige
308 982 455 1015 infimam
484 984 710 1026 plebeculam,

133 1031 396 1074 cujus'suffragia
416 1035 545 1074 captare
560 1031 712 1072 frequen-

132 1077 198 1110 tius
226 1077 325 1122 quam
356 1079 531 1110 doctorum
564 1080 712 1111 virorum

131 1133 238 1168 poetae
279 1127 434 1157 nonnulli
474 1127 596 1165 solent,
642 1127 711 1158 sive

129 1174 234 1215 ipsius
260 1173 495 1225 cupiditatibus
522 1174 708 1214 adulantes,

129 1221 197 1253 sive
231 1221 371 1253 obscena
407 1228 583 1254 tractantes
611 1233 710 1265 argu-

127 1275 254 1308 menta,
268 1270 336 1301 sive
350 1269 491 1311 denique
504 1268 590 1300 ultra
606 1278 711 1301 extre-

128 1327 200 1348 mos
227 1318 363 1348 satiricae
387 1317 528 1347 licentiae
554 1319 711 1349 terminos

128 1371 346 1407 erumpentes
365 1381 413 1388 --
436 1364 614 1395 Contentus
629 1376 712 1406 pau-

128 1411 176 1443 cis
193 1411 364 1444 lectoribus
384 1422 396 1443 :
414 1411 533 1454 paucis
556 1408 704 1454 quidem,

126 1459 197 1500 sed,
217 1460 319 1492 veluti
338 1470 418 1491 mox
437 1459 633 1502 explicabit,
659 1460 706 1492 ita

125 1507 270 1549 selectis,
290 1515 328 1539 ut
351 1519 392 1539 ex
412 1518 527 1539 eorum
544 1508 706 1550 suffragiis

123 1556 203 1587 mox
225 1557 408 1588 communis
428 1562 461 1587 et
483 1555 586 1586 solida
606 1555 707 1587 admi-

122 1604 206 1635 ratio
219 1604 356 1636 oriatur.
370 1605 469 1635 Hunc
485 1602 573 1633 enim
591 1603 704 1635 locum

120 1650 267 1683 imitatus
288 1651 415 1695 Bolas-ns
435 1657 547 1682 noster
567 1652 604 1681 in
627 1652 704 1682 inti-

120 1707 207 1729 mam
219 1699 347 1731 Horatii
355 1699 547 1730 sententiam
562 1697 701 1729 feliciter

119 1744 307 1785 descendit,
329 1747 366 1777 in
387 1745 455 1777 fine
478 1746 582 1787 Epist.
598 1748 698 1785 vm,

119 1792 159 1824 ad
182 1795 355 1837 Racininm
376 1804 385 1825 :
410 1796 538 1824 Pourvu
564 1795 701 1835 qu'avec

119 1840 205 1872 e'clat
211 1842 298 1873 leurs
308 1841 405 1873 rimes
418 1840 557 1872 de'bite'es
564 1864 576 1879 ,
594 1841 701 1873 soient

79 1888 162 1937 fjlu
171 1889 293 1932 peuple
303 1913 314 1927 ,
329 1889 387 1920 des
399 1889 538 1933 grands,
554 1888 612 1919 des
620 1900 698 1931 pro-

98 1932 224 1969 ”vinces
238 1934 384 1980 goz‘c'te'es.

163 1996 220 2029 29.
251 1985 308 2015 An
337 1991 394 2015 tua
416 1983 552 2015 demens
576 1983 698 2015 Vilibus

114 2031 148 2063 in
163 2033 249 2065 ludis
266 2031 387 2063 dictari
404 2031 556 2065 carmina
574 2029 696 2063 malis?

114 2090 184 2112 mos
214 2081 270 2113 ille
298 2079 500 2118 invaluerat,
531 2086 569 2110 ut
597 2080 697 2121 prisci

113 2125 241 2160 tantum
256 2133 361 2169 poetae
378 2128 414 2157 in
427 2126 547 2158 scholis
560 2126 695 2168 publice

111 2174 308 2218 legerentur.
326 2175 440 2216 Aliqui
455 2174 563 2205 tamen
576 2181 692 2205 coaeta-

112 2232 250 2254 neorum
270 2221 288 2252 a
315 2222 475 2264 magistris
498 2221 695 2265 obtinebant

116 2275 152 2301 ut
182 2280 242 2302 sua
271 2271 392 2312 scripta
418 2269 514 2301 hunc
535 2268 695 2301 honorem

766 844 982 880 usurparent,
1015 843 1048 868 et
1078 834 1147 868 sivi²
1177 835 1357 868 imitationi

765 886 834 917 sive
868 885 1079 916 admirationi
1114 884 1354 925 discipulorum

765 933 870 965 veluti
888 933 1036 976 digniora
1056 931 1255 973 exemplaria
1276 943 1354 974 pro-

765 988 979 1023 ponerentur.
1008 982 1115 1023 Quam
1140 979 1354 1010 ambitionem

768 1030 871 1071 tangit
890 1029 1064 1067 Horatius,
1090 1034 1122 1058 et
1142 1027 1355 1069 reprehendit

766 1076 841 1118 post
857 1077 1032 1107 Horatium
1060 1076 1210 1113 Persius,
1233 1077 1298 1106 Sat.
1318 1077 1350 1114 I,

768 1135 811 1165 29
834 1134 842 1155 :
865 1125 948 1154 Tun’
983 1124 1178 1154 cirratorum
1220 1130 1350 1154 centum

766 1171 891 1202 dictata
892 1169 1004 1214 fiu'sse
1018 1174 1082 1202 Pro
1095 1169 1196 1202 nihilo
1206 1170 1351 1213 pendes?

767 1219 857 1250 Viles
874 1219 982 1250 autem
1007 1219 1097 1257 ludi,
1115 1219 1149 1251 h.
1175 1230 1203 1250 e.
1228 1218 1350 1250 scholae

764 1266 818 1298 hic
838 1267 1148 1309 appellantur,fn0n
1164 1267 1199 1297 in
1214 1277 1248 1297 se
1258 1289 1270 1304 ‚
1293 1266 1350 1298 sed

766 1322 916 1356 respectu
929 1315 1043 1346 habito
1060 1314 1101 1345 ad
1119 1314 1252 1356 plausus
1261 1314 1350 1346 viles

767 1369 799 1393 et
810 1362 878 1392 sine
890 1364 1008 1404 pretio,
1019 1363 1129 1404 quiex
1142 1361 1348 1393 imberbibus

762 1416 794 1440 et
808 1411 989 1452 inexpertis
1006 1409 1266 1441 adolescentibus
1290 1421 1347 1441 ex-

761 1458 966 1499 petsbantnr.
996 1459 1112 1490 Cicero
1130 1467 1253 1488 nomen
1278 1457 1351 1489 Iudi

763 1516 832 1536 non
862 1505 1037 1536 abhorruit
1070 1512 1107 1536 ut
1138 1504 1230 1544 vile,
1268 1502 1346 1537 cnm

761 1552 906 1584 scholam
930 1554 965 1584 in
991 1551 1125 1596 propria
1150 1551 1250 1583 domo
1276 1563 1348 1595 ape-

760 1603 880 1639 ruerit,
902 1599 1199 1642 affirmaveritque,
1227 1600 1345 1631 Nemi-

760 1660 835 1680 nem
848 1659 945 1690 posse
964 1659 1079 1679 munus
1094 1647 1281 1689 reipublicae
1294 1649 1346 1689 as-

747 1695 842 1738 ferre
861 1694 969 1738 majus
994 1695 1164 1732 meliusve,
1188 1694 1291 1737 quum
1315 1695 1348 1727 εἰ

755 1744 876 1774 doceat
909 1751 1009 1785 acque
1039 1742 1168 1774 erudiat
1191 1742 1340 1785 juventu-

756 1798 844 1829 tem;
861 1791 901 1822 de
916 1792 1030 1823 Divin.
1045 1791 1078 1822 11
1089 1814 1097 1830 ,
1116 1802 1134 1821 2
1145 1814 1155 1828 ,
1173 1789 1195 1833 S
1211 1796 1244 1827 4.

804 1840 856 1871 30.
866 1838 1013 1880 Equitem
1023 1838 1192 1870 :homines
1199 1838 1299 1869 lectos
1308 1845 1341 1870 et

752 1887 891 1919 nobiles.
899 1904 947 1911 —
957 1889 999 1917 Ut
1007 1886 1124 1917 audax
1133 1886 1317 1917 Arbuscula
1325 1897 1339 1918 .-

751 1936 850 1966 mima
866 1934 1014 1977 quaedam
1030 1945 1103 1976 quae
1125 1934 1244 1976 populi
1262 1934 1339 1965 sibi-

751 1983 801 2015 los
816 1984 964 2025 equitum
978 1982 1142 2025 suffragiis
1157 1981 1336 2014 solabatur.

751 2048 799 2055 ·-—-
817 2030 932 2063 Cimeoe
946 2029 1110 2062 Pantilius
1126 2041 1137 2060 :
1152 2035 1249 2072 poeta
1262 2030 1339 2071 qui-

751 2078 825 2110 dam
848 2077 1004 2120 putidus,
1021 2078 1147 2108 cimicis
1168 2078 1255 2120 (une
1272 2088 1335 2118 pu-

750 2125 862 2167 naise)
877 2125 1119 2168 turpitudinem
1133 2131 1166 2156 et
1185 2125 1334 2155 foetorem

749 2173 904 2205 referens.
932 2191 979 2197 —-
1005 2172 1192 2204 Demetrius
1218 2183 1230 2203 .·
1254 2171 1335 2202 alter

750 2228 846 2263 poeta
862 2220 1038 2263 ignobilis,
1062 2227 1100 2251 ut
1122 2226 1155 2251 et
1178 2219 1234 2250 ille
1255 2220 1336 2250 Fan-

751 2270 827 2300 nius
842 2268 882 2300 de
899 2279 966 2310 quo
979 2267 1045 2310 jam
1062 2269 1127 2301 Sat.
1145 2268 1203 2306 IV,
1222 2277 1239 2298 2
1250 2276 1336 2298 t.—
