1404 2522
183 123 199 142 2
577 113 617 152 Q.
643 112 825 159 HORATn
850 113 1002 144 FLAcct

347 186 357 194 -
388 170 474 205 Non
488 181 571 205 sum
587 169 706 218 qualis
726 183 829 206 eram
847 169 958 207 bonae

285 226 364 265 Sub
382 240 499 276 regno
518 228 664 266 Cinarae
683 235 708 265 ².
727 229 882 275 Desine,
901 230 1069 267 dulcium

386 289 511 323 Mater
528 299 627 325 saeva
645 288 893 339 Cupidinum,
1350 300 1363 324 5

286 346 396 385 Circa
415 347 531 384 lustra
551 347 679 385 decem
700 349 851 385 flectere
872 347 887 370 ³
905 348 1080 386 mollibus

389 409 471 444 Jiun
489 406 625 444 durum
642 407 819 458 imperiis.
838 407 913 444 Abi

287 466 373 514 Qui)
393 466 539 503 blandae
554 467 738 516 juvenum
757 476 794 504 te
814 476 994 504 revocant
1012 480 1155 518 preces.

389 526 663 575 Tempestivitis
679 527 716 562 in
728 526 882 563 domum

286 584 404 622 Paulli
426 585 459 630 4,
479 586 679 634 purpureis
700 586 773 622 ales
790 584 979 630 oloribus,
1335 603 1365 619 10

396 643 657 682 comissabere
675 644 849 691 Maximi,

182 783 293 814 pacem
306 771 413 810 animi,
424 769 680 813 pretiosissimam
695 770 753 801 hu·

183 821 235 859 jus
261 819 359 848 aetatis
390 819 585 859 voluptatem
612 824 643 847 et
670 817 751 846 sola-

186 867 283 902 tium,
316 865 427 902 majori
456 863 550 904 quam
581 863 754 902 juvenibus

184 911 320 948 damno,
350 910 541 940 disturbant.
562 926 608 932 —
629 911 749 946 Parce,

184 967 308 999 precor,
330 967 444 996 precor
470 967 481 986 :
506 956 654 996 repetitio
681 965 754 996 quae

184 1015 252 1035 non
282 1003 425 1033 dolorem
453 1001 670 1039 solummodo,
697 1002 752 1031 sed

186 1050 345 1091 pudorem
369 1049 484 1089 arguit.
507 1049 547 1078 Se
569 1047 751 1078 erubescen-

185 1096 235 1126 dis
249 1095 372 1137 ignibus
390 1094 484 1125 aduri
504 1101 535 1124 et
556 1104 666 1124 amone
676 1104 750 1134 pec-

187 1153 262 1174 care
283 1152 348 1172 non
366 1141 503 1183 ingenuo
521 1141 679 1182 agnoscit,
697 1150 751 1169 su-

184 1189 260 1230 pra,
278 1187 340 1219 Od.
358 1188 389 1225 1,
409 1197 470 1225 27,
498 1186 554 1223 163
576 1186 665 1228 ergo,
682 1196 751 1216 non

186 1235 322 1264 Veneris
339 1234 486 1274 gratiam,
503 1232 559 1262 sed
575 1230 682 1273 potius
700 1233 750 1262 in-

185 1281 299 1322 telligit
341 1280 394 1310 hic
429 1279 535 1310 adesse
576 1278 729 1308 ultionem
742 1299 752 1315 ,

185 1337 282 1368 quam
294 1326 381 1356 illice)
393 1332 424 1356 et
440 1324 592 1355 instanter
611 1331 641 1354 et
660 1324 753 1354 itera-

185 1375 218 1404 to
237 1373 436 1413 deprecatur.
453 1371 551 1409 Cujus
561 1370 625 1400 loci
641 1371 750 1400 memi-

185 1421 269 1450 nisse
278 1418 405 1448 videtur
413 1418 573 1454 Racinius,
583 1415 659 1446 dum
667 1416 752 1446 Phae-

188 1465 278 1496 dram
301 1465 362 1494 sibi
388 1465 526 1494 incestos
555 1472 676 1492 amores
698 1472 752 1492 ex-

187 1512 394 1554 probrantem
421 1510 466 1539 sic
494 1507 645 1540 inducit:
675 1510 752 1538 Par-

184 1558 307 1593 donne,
336 1567 378 1586 un
401 1555 474 1586 dieu
502 1554 590 1584 cruel
609 1565 630 1584 a
649 1554 751 1594 perdu

188 1613 223 1635 ta
243 1602 389 1645 famillc.
426 1601 548 1632 Phaedr.
581 1602 654 1632 Act.
685 1602 750 1638 lv,

189 1653 238 1682 Sc.
257 1650 289 1681 6.

239 1706 271 1727 ⁴2.
288 1697 363 1726 Non
380 1705 446 1725 sum
468 1692 573 1735 qualis
592 1703 679 1723 eram
701 1691 754 1722 bo-

192 1754 243 1774 noe
268 1742 329 1772 Sub
351 1751 450 1783 regno
472 1740 597 1770 Cinarae
612 1750 622 1768 :
637 1739 754 1769 bonam

190 1796 284 1820 vocat
297 1789 441 1819 Cinaram
450 1809 458 1824 ‚
474 1796 557 1826 qnae,
567 1784 640 1815 cum
653 1795 754 1825 quaes-

190 1843 258 1865 tum
277 1844 410 1875 corpore
426 1833 522 1874 vulgo
545 1832 671 1868 faceret,
686 1833 755 1861 Ho-

191 1882 307 1911 ratium
335 1879 439 1909 tamen
461 1878 479 1908 ὲ
501 1878 664 1908 communi
688 1877 755 1918 lege

191 1933 360 1967 exceptum
388 1926 550 1962 voluerat3
578 1934 670 1964 quem
696 1923 757 1953 scis

191 1974 364 2004 immunem
382 1970 506 2001 Cinarae
523 1969 684 2011 placuisse
706 1980 758 1999 ra-

187 2018 277 2060 paci.
292 2019 391 2058 Epist.
408 2020 439 2053 1,
462 2022 518 2054 14,
536 2018 591 2046 33.

241 2066 272 2096 3.
297 2064 438 2094 Flectere
458 2074 470 2092 .·
488 2063 631 2099 domare,
657 2062 755 2102 impe-

193 2112 242 2142 rio
267 2117 344 2146 tuo,
368 2109 491 2150 legibus
518 2110 580 2139 tuis
604 2107 754 2144 subdere;

192 2155 374 2197 metaphora
401 2155 494 2185 ducta
523 2155 563 2184 ab
588 2165 670 2194 equo
693 2155 757 2184 oris

193 2203 350 2239 durioris,
370 2203 425 2242 qui
450 2201 515 2231 leni
538 2207 568 2231 et
589 2200 675 2242 grati!
692 2200 755 2241 pal-

803 769 931 810 patione
964 775 995 799 et
1026 768 1171 799 mollibus
1202 768 1366 810 imperiis,

804 815 843 844 ad
868 815 1034 844 arbitrium
1064 815 1203 856 magistri
1230 816 1280 846 sui
1302 826 1369 846 sese

804 870 995 902 componere
1017 863 1174 892 assuescit.
1194 862 1292 903 Jungi
1313 871 1369 892 ne-

805 917 889 937 cesse
907 913 953 936 est
977 906 1058 937 hanc
1078 917 1208 944 vocem,
1235 907 1366 945 durum,

806 964 880 983 cum
903 952 952 982 his
975 953 1127 990 vocibus,
1152 952 1297 983 mollibus
1310 953 1368 983 im-

799 998 919 1040 periis,
940 1009 1012 1039 quae
1033 1001 1068 1029 in
1085 997 1192 1030 dativo
1216 1009 1291 1029 casu
1316 1010 1367 1030 ac-

803 1044 956 1086 cipiendae
982 1052 1066 1076 sunt.
1091 1062 1138 1068 --
1167 1047 1328 1077 Revocane
1355 1056 1368 1075 .·

803 1091 886 1122 bene
917 1090 1049 1120 verbum
1087 1090 1186 1129 illud,
1223 1099 1364 1127 vocant,

804 1148 877 1167 cum
919 1136 1146 1176 reduplicativii
1186 1137 1365 1168 adhibetur.

802 1182 932 1224 Propria
947 1184 1080 1212 Veneris
1103 1183 1190 1213 sedes
1210 1176 1365 1222 juvenum

803 1229 933 1265 domus,
950 1227 1052 1266 unde,
1066 1228 1139 1260 cum
1153 1229 1191 1259 ad
1205 1230 1367 1259 seniorum

803 1275 884 1306 aedes
914 1275 1094 1305 invisendas
1127 1276 1246 1312 evolat,
1278 1276 1366 1306 rect&

803 1319 928 1352 blandis
952 1319 1100 1358 juvenum
1123 1321 1271 1362 precibus
1300 1331 1367 1352 non

804 1365 931 1402 vocari,
947 1365 1002 1395 sed
1013 1367 1154 1397 revocari
1163 1366 1296 1398 dicenda
1310 1374 1366 1399 est.

852 1419 882 1450 4.
906 1411 1014 1442 Paulli
1034 1423 1044 1442 .·
1059 1414 1217 1454 exquisito
1232 1412 1367 1454 artificio

803 1459 912 1490 laudes
937 1458 988 1487 hic
1010 1459 1134 1489 inducit
1157 1459 1256 1490 Paulli
1278 1459 1368 1489 Fabii

804 1505 954 1542 Maximi3
981 1506 1035 1545 qui
1060 1506 1201 1544 juvenis,
1232 1505 1366 1542 nobilis,

804 1551 938 1594 pulcher
961 1557 993 1580 et
1021 1551 1126 1589 dives,
1150 1551 1276 1594 dignior
1303 1558 1369 1581 erat

803 1597 901 1639 quam
923 1597 1048 1634 Noster,
1074 1599 1131 1638 qui
1156 1598 1216 1628 sub
1234 1598 1370 1627 Veneris

806 1644 931 1674 vexillis
945 1643 1104 1674 militaret.
1125 1644 1214 1674 Idem
1232 1643 1285 1674 ille
1301 1654 1367 1673 cre-

806 1690 894 1720 ditur
909 1689 964 1729 qui
979 1699 1062 1719 anno
1079 1691 1119 1720 U.
1135 1691 1170 1722 C.
1190 1690 1254 1728 743
1267 1711 1276 1727 ‚
1294 1699 1370 1719 con-

807 1737 942 1767 sulatum
957 1745 1029 1764 cum
1045 1738 1085 1776 Q.
1102 1736 1184 1766 AElio
1200 1735 1370 1766 Tuberone

807 1783 910 1825 gessit.
934 1797 980 1803 —-
1000 1781 1167 1821 Purpureis
1190 1781 1258 1811 ales
1276 1780 1369 1810 olori-

807 1829 862 1859 bus
885 1839 896 1857 :
920 1833 975 1863 tu,
999 1827 1019 1856 ὀ
1041 1829 1170 1865 Venus,
1186 1837 1257 1868 quae
1275 1837 1371 1857 cursu

808 1875 899 1912 alite,
921 1872 983 1902 hoc
1004 1880 1051 1903 est
1064 1873 1282 1914 rapidissimo,
1301 1882 1371 1902 aera

808 1929 911 1952 tranas
925 1919 960 1948 in
975 1929 1071 1950 curru
1081 1921 1192 1958 juncto
1205 1919 1314 1960 cycnis
1328 1918 1370 1948 al-

808 1968 886 1998 bore
911 1964 1160 2005 splendentibus.
1189 1965 1306 1995 Passim
1335 1965 1372 1994 in

807 2013 910 2055 poetis
917 2011 1070 2052 purpurei
1080 2011 1201 2042 colores
1209 2011 1369 2052 appellan-

810 2067 863 2090 tur
885 2058 1078 2099 quicumque
1106 2057 1224 2099 fulgide
1256 2058 1370 2087 nitent.

810 2103 960 2137 Manibus
974 2104 1048 2134 date
1067 2102 1139 2134 -lilia
1158 2102 1281 2144 plenis,
1296 2105 1373 2132 Pur·

806 2161 919 2194 pnreos
942 2159 1092 2192 spargam
1110 2149 1232 2192 flores;
1259 2147 1373 2190 Virgil.

808 2197 931 2232 AEneid,
953 2198 1018 2234 Vl,
1046 2196 1123 2228 883.
1146 2213 1192 2221 —-
1219 2194 1375 2226 Comissa-
