1422 2528
184 102 223 131 72
565 93 606 134 Q.
630 90 813 124 nonATn
838 91 988 124 FLACCI

289 153 474 202 Nilusque
497 159 541 201 ¹²,
559 163 596 191 et
612 157 720 201 Ister,
739 161 776 191 te
795 153 953 204 rapidus
969 153 1114 204 Tigris,

339 217 393 251 Te
409 213 602 250 belluosus
619 214 686 263 qui
704 213 861 251 remotis

396 273 595 324 Obstrepit
616 276 790 311 Oceanus
809 274 1022 320 Britannis,

286 335 339 370 Te
359 346 435 370 non
456 334 625 382 paventis
638 333 772 370 funera
791 334 922 371 Galliae

290 395 482 443 Duraeque
499 394 607 431 tellus
625 392 652 416 ¹³
667 393 772 430 audit
787 392 975 439 Hiberiae;
1254 437 1258 439 q
1338 403 1371 428 50

339 454 392 489 Te
413 452 515 489 caede
533 452 740 502 gaudentes
757 452 943 490 Sicambri

392 513 620 563 Compositis
641 522 874 551 venerantur
891 514 1016 551 armis.

190 642 349 674 absentem
371 645 486 675 Jovem
502 647 612 675 Romae
629 650 754 686 proteo·
806 646 861 676 nio
883 646 948 682 IX,
975 645 994 676 5
1000 655 1009 684 ς
1031 653 1102 686 quae
1126 645 1255 686 quidem
1275 645 1371 677 hodie

189 696 290 720 torem
301 713 310 728 ,
331 701 370 721 eo
391 691 459 720 solo
481 691 597 728 minor,
611 692 704 722 vivus
719 692 756 722 in
806 691 854 722 ibi
873 691 975 721 multe>
990 693 1118 730 rariora,
1133 692 1168 722 iu
1184 699 1288 733 partes
1301 703 1371 734 sep-

187 738 278 767 terris
296 743 511 778 repraesentas.

238 793 290 814 12.
330 785 394 820 Te,
416 782 560 824 fontium
586 783 643 824 qni
674 784 759 814 celae

192 828 330 871 origines
342 829 456 860 Nilus:
470 828 535 868 jam
551 836 686 859 remotas
700 841 757 870 po-

188 875 342 916 pulorum
366 876 407 906 ab
436 876 583 917 Augusto
612 875 755 906 devicto-

187 931 259 951 rum
274 929 371 952 terras
380 932 437 963 per
445 921 563 951 fluvios
575 931 625 951 eas
638 921 756 952 alluen-

187 974 234 998 tes
249 968 392 1009 designat
406 978 483 1009 :per
498 967 610 1003 Nilum
627 968 756 1008 quidem

187 1017 380 1056 AEgyptum3
394 1025 452 1056 per
472 1016 605 1053 Istrum,
620 1014 668 1044 vel
693 1016 754 1045 Da-

187 1062 341 1099 nubium,
363 1062 506 1096 Daciam3
536 1070 594 1100 per
618 1061 757 1102 Tigrim,

187 1108 385 1138 Armeniam.
399 1107 498 1138 Porro
510 1107 575 1136 Nili
588 1107 693 1137 fontes
707 1117 758 1138 ve-

189 1153 310 1184 teribus
322 1155 450 1195 iguotos
463 1153 678 1182 recentiorum
695 1154 758 1183 via-

189 1206 299 1231 torum
329 1198 628 1240 investigationibus
657 1200 751 1229 inno-

188 1247 285 1277 tuisse
309 1252 443 1276 constat.
462 1262 507 1269 --
536 1246 580 1275 Te
602 1244 756 1276 bellamus

190 1294 340 1323 Oceanus
356 1303 367 1322 :
391 1302 475 1322 mare
492 1290 756 1322 Gallo-Britanni-

186 1350 261 1370 cum
277 1337 407 1380 (gallice
421 1361 429 1376 ,
444 1338 477 1368 Ia
490 1336 631 1369 Manche
638 1336 662 1378 ),
675 1335 755 1367 tune

188 1386 340 1426 temporis
358 1384 489 1415 balaeuis
510 1391 540 1415 et
558 1383 628 1414 aliis
647 1393 756 1413 mons-

187 1433 244 1462 tris
270 1432 399 1462 marinis
426 1438 567 1469 scatens,
592 1436 670 1460 teste
693 1429 756 1460 Pli-

809 738 1013 768 tentrionales
1053 737 1220 780 emigrasse
1258 738 1370 769 viden-

809 790 874 814 tur.

860 831 911 861 13.
931 831 974 860 Te
998 840 1063 860 non
1084 829 1233 872 paventis
1245 831 1370 872 sunem

811 876 929 907 Gallia.-
958 877 1050 907 tellus
1074 887 1086 906 :
1117 877 1156 907 de
1183 876 1373 907 fortitudine

808 923 965 961 majorum
996 928 1181 953 nostrorum
1217 924 1253 953 in
1288 922 1375 953 bello

808 975 944 999 mortem
985 978 1053 999 non
1101 968 1375 1002 reformidanu'um

808 1015 916 1045 confer
929 1015 1040 1046 Caesar.
1054 1016 1090 1046 B.
1101 1016 1142 1046 G.
1155 1017 1202 1046 VI
1211 1037 1221 1053 ,
1239 1021 1298 1053 143
1312 1017 1375 1046 Lu-

810 1071 878 1092 can.
906 1064 938 1098 1,
964 1062 1030 1096 460
1057 1068 1089 1092 et
1108 1072 1175 1102 sqq.
1191 1061 1375 1092 -Audit.·

810 1108 873 1137 tuis
890 1107 984 1145 jussis
997 1106 1177 1137 audientem
1191 1118 1225 1138 se
1237 1114 1374 1149 praestat.

807 1154 958 1183 -Durae
984 1152 1122 1183 Hiberioe
1139 1164 1153 1183 :
1174 1153 1335 1194 Hispaniae
1357 1153 1374 1183 ὲ

807 1198 936 1239 populis
965 1198 1126 1230 bellicosis
1155 1199 1375 1231 habitatae.—

812 1246 855 1274 Te
876 1244 964 1274 caede
981 1245 1161 1286 gaudentes
1190 1245 1347 1276 Sicambri
1362 1256 1374 1275 .-

810 1290 863 1323 de.
877 1291 1045 1321 sicambris
1069 1290 1142 1321 vide
1166 1291 1279 1332 supra,
1310 1291 1374 1323 od.

809 1338 867 1374 lV,
880 1347 897 1366 2
910 1359 919 1374 ,
934 1337 987 1367 36.
997 1337 1235 1379 -r-Compositis
1249 1337 1347 1370 armis
1362 1346 1374 1366 :

808 1393 893 1413 arma
907 1382 1101 1424 deponentes
1120 1390 1152 1415 et
1167 1385 1298 1415 arbitrio
1318 1391 1375 1414 tuo

807 1439 873 1459 sese
889 1429 1117 1470 permittentes.
