1396 2502
189 299 515 359 EDITOR
575 300 685 358 AD
737 298 1241 382 LECTOREM.

707 491 982 512 effi*

115 634 274 722 QUAM
292 659 413 701 tenui
429 659 538 719 stylo
555 670 596 702 et
616 657 831 701 didactica
854 657 1041 716 quadam
1062 659 1333 717 simplicitate

114 728 168 772 de
191 731 360 773 Horatii
374 731 460 773 vita
479 741 522 774 et
546 731 714 789 scriptis
737 730 1033 789 praefationem
1050 731 1193 788 primo
1213 730 1336 772 volu-

115 801 221 844 mini
243 802 546 861 apposuimus,
567 803 681 845 illam
705 801 882 857 iterum,
911 802 1108 844 eamdem
1128 813 1170 843 et
1189 802 1335 854 aliam,

115 877 293 938 materie
313 877 625 935 sententiisque
645 878 848 932 similem,
869 876 1057 919 oratoria
1073 876 1336 919 sublimitate

118 947 351 1002 diversam,
375 950 572 1007 ampliori
603 961 646 993 et
675 949 862 1010 digniori
891 950 1150 992 elocutionis
1178 960 1337 991 ornatu

120 1019 388 1076 decoratam,
420 1033 462 1064 et
490 1025 514 1064 ἐι
545 1022 826 1064 celeberrimo
857 1022 1146 1064 Harlemensis
1179 1021 1336 1063 scholae

118 1103 306 1147 rectore,
339 1092 583 1151 eodemque
610 1106 748 1152 poetae
773 1095 911 1137 nostri
928 1104 1206 1146 annotatore,
1224 1094 1338 1136 inter

121 1165 332 1208 solemnes
357 1165 584 1209 academiae
599 1166 725 1210 ludos
754 1167 926 1226 publice
943 1167 1123 1221 dictam,
1151 1167 1255 1208 huic
1275 1166 1336 1208 al-

120 1239 201 1281 teri
233 1239 442 1282 volumini
469 1239 772 1299 praefigendam
815 1256 907 1283 esse
936 1240 1035 1283 ideo
1068 1241 1338 1294 censuimus,

120 1311 240 1370 quod
254 1327 343 1355 non
360 1313 450 1355 sine
464 1314 619 1372 magna
631 1313 918 1357 litteratorum
930 1314 1143 1367 virorum,
1159 1328 1338 1371 praeser-

119 1387 286 1444 timque
329 1385 687 1439 adolescentium,
725 1387 907 1429 utilitate
948 1386 1338 1439 demonstrabitur,

120 1459 332 1518 quantum
359 1460 576 1503 varietatis
602 1460 772 1515 afferat,
803 1461 848 1501 in
873 1459 1065 1513 ejusdem
1096 1460 1340 1518 argumenti

121 1531 308 1576 decursu
328 1534 410 1576 iter
427 1534 494 1578 vel
513 1535 745 1577 contractis
760 1534 828 1577 vel
848 1536 1051 1593 expansis
1060 1535 1163 1576 velis
1183 1535 1336 1577 facere.

121 1604 341 1648 Laudatus
365 1607 554 1664 primum
572 1598 796 1662 modeste,
828 1620 878 1650 ut
903 1607 1081 1650 editoris
1110 1607 1337 1650 infirmita-

121 1688 208 1719 tem
246 1678 444 1734 decebat,
492 1680 718 1734 Horatius,
750 1682 836 1733 jam
876 1680 1096 1739 grandiori
1135 1691 1178 1722 et
1213 1672 1338 1738 quod

123 1751 292 1793 Horatii
328 1752 549 1811 ingenium
581 1753 725 1799 multo,
753 1752 906 1812 melius
942 1753 1087 1807 decet,
1123 1742 1338 1811 praeconio

122 1821 429 1878 celebrabitur3
447 1827 499 1866 θὸ
519 1824 695 1882 quidem
712 1824 884 1878 melius,
906 1824 1024 1883 quod
1037 1858 1049 1879 ,
1075 1824 1179 1866 dum
1199 1825 1339 1867 excel-

121 1893 346 1937 lentissimi
368 1907 506 1954 poetae
531 1897 792 1939 carminibus
820 1898 1051 1939 famulatur
1070 1897 1338 1956 eloquentia,

123 1965 270 2008 solerti
287 1967 473 2024 quadam
488 1967 756 2023 adulatione,
773 1970 995 2028 propriam
1013 1985 1230 2029 quamque
1244 1970 1339 2013 lau—

122 2036 220 2080 dem
235 2055 286 2081 ex
301 2040 433 2098 ipsius
451 2042 620 2083 Horatii
641 2042 783 2084 verbis
805 2053 1041 2085 mutuatur.

181 2113 335 2170 Neque
364 2130 444 2172 nos
470 2116 668 2173 poenituit
690 2117 794 2158 huic
824 2117 1009 2160 orationi
1035 2119 1244 2172 subjicere
1265 2117 1341 2160 de-

122 2199 366 2245 promptam
387 2191 410 2232 e
436 2191 686 2232 recentioris
707 2191 947 2233 Aristarchi
977 2193 1146 2250 scriptis
1170 2192 1343 2234 doctam

123 2262 168 2295 et
187 2252 424 2312 elegantem
445 2255 498 2298 de
515 2257 670 2301 Flacco
696 2269 866 2313 nostro,
888 2258 964 2301 sed
987 2258 1040 2301 de
1060 2259 1215 2301 Flacco
1233 2258 1342 2301 Sati-

1172 2341 1210 2365 a.
