1422 2528
169 121 209 150 70
559 114 600 154 Q.
626 113 809 144 uonArn
834 115 988 147 FLACCJ

269 168 330 206 Sic
351 167 586 206 tauriformis
604 171 772 207 volvitur
794 173 953 211 Aufidus
972 182 1005 220 ⁷,

1335 186 1367 211 25

277 227 352 274 Qui
371 241 485 278 regna
504 230 630 266 Dauni
651 230 815 279 praefluit
832 233 994 282 Appuli,

280 300 288 307 ·
323 290 417 325 cnm
435 290 552 335 saevit,
571 289 875 341 horrendamque
893 294 954 330 cul
966 294 1012 331 tis

375 349 567 386 Diluviem
586 350 792 388 meditatur
811 353 928 402 agris3

270 410 322 445 Ut
341 407 355 431 ⁸
375 408 627 446 barbarorum
646 410 824 449 Claudius
846 413 994 462 agmina

269 471 426 506 Ferrata
442 477 550 506 vasto
574 469 691 507 diruit
709 471 853 521 impetu
877 479 903 518 ⁹,

1332 485 1363 510 30

318 528 540 578 Primosque
559 538 596 566 et
617 538 808 567 extremos
825 532 1002 569 metendo

372 589 515 625 Stravit
534 588 709 636 humum,
731 591 811 627 sine
831 592 940 628 clade
961 592 1096 639 victor,

271 650 325 685 Te
342 650 490 698 copias,
508 658 543 686 te
558 649 775 698 consilium,
796 659 833 687 et
851 659 938 688 tuos

276 707 474 745 P1·aebente
495 708 627 746 Divos.
643 711 740 747 Nam
762 717 776 738 ⁹
799 709 886 757 tibi,
909 722 985 760 quo
1000 709 1061 747 die

170 852 232 883 nisi
253 853 436 884 absentibus
458 854 618 894 nubibus,
632 856 734 886 oculis

165 907 346 940 appareant.
357 900 527 931 Pleiadum
539 900 633 931 choro
645 902 734 932 Scin-

165 945 262 976 dente
291 946 388 976 nubes
412 947 498 977 idem
524 945 622 989 igitur
649 949 733 979 valet

167 1001 203 1020 ac
228 1001 237 1022 ε
262 992 443 1023 Pleiadjbus
468 994 546 1024 oriri
575 1000 606 1023 et
631 995 734 1025 videri

164 1038 406 1078 incipientibus,
423 1038 517 1080 supr&
531 1039 732 1070 horizontem

165 1083 322 1114 ascenden
326 1085 619 1116 tibus.-Hoscium
626 1097 732 1116 vexa-

165 1139 199 1158 re
210 1136 330 1158 turmas
341 1141 352 1160 .·
367 1137 402 1160 ut
416 1129 523 1170 sum-31,
534 1130 595 1162 Od.
611 1133 675 1168 ΙΙΙ,
691 1142 708 1161 2
723 1153 731 1169 ,

166 1179 186 1210 4
201 1183 210 1204 :
226 1174 362 1206 Parthos
374 1178 478 1205 Vexet
487 1186 583 1216 eques
595 1184 732 1207 metuen-

163 1219 222 1250 dus
234 1219 346 1259 hasta,
362 1221 394 1253 h.
415 1232 444 1253 e.
462 1221 677 1253 indesinenter
687 1223 732 1254 la-

166 1273 276 1298 cessat.

212 1322 243 1350 7.
257 1311 310 1342 Sic
324 1310 519 1352 tauriformis
527 1313 733 1344 volviturAu-

155 1357 246 1400 fidus
257 1368 268 1387 .·
286 1355 371 1388 novit
387 1360 626 1400 comparatione
644 1361 732 1400 prio-

164 1414 231 1434 rem
247 1401 425 1434 confirmat.
448 1406 494 1436 Ut
514 1407 602 1436 venti
627 1406 731 1444 enim,

163 1449 208 1480 sic
222 1456 254 1480 et
266 1449 361 1480 undae
373 1451 478 1480 omnia
493 1451 651 1482 obstantia
660 1463 733 1493 pro-

163 1502 276 1527 ruunt.
302 1497 350 1526 De
377 1495 499 1528 Aufido
518 1498 646 1539 Apuliae
671 1498 733 1529 flu-

164 1543 250 1572 mine
259 1564 268 1580 ‚
282 1549 314 1572 et
329 1541 369 1572 de
381 1543 496 1573 Dauno
507 1543 649 1582 ejusdem
661 1555 734 1585 pro-

164 1589 278 1618 vinciae
293 1599 380 1629 rege,
395 1588 460 1619 vid.
477 1588 573 1630 suprin
587 1589 648 1621 Od.
667 1592 730 1629 111,

167 1635 224 1672 30,
245 1645 284 1665 10
300 1641 331 1664 et
345 1645 357 1664 1
367 1644 396 1672 1,
410 1641 442 1664 et
454 1642 555 1666 notas.
574 1635 733 1681 Taudfiar·

164 1679 224 1710 mis
237 1680 366 1718 dicitur,
383 1681 499 1712 usitato
522 1681 608 1722 apud
627 1689 733 1722 poetas

164 1726 315 1767 epitheto,
331 1733 362 1756 et
380 1727 530 1757 omnibus
548 1727 736 1758 fluminibus

165 1773 344 1810 communi,
360 1772 435 1813 quia
448 1773 606 1803 fluctuum
624 1775 734 1805 sonitu

163 1817 264 1849 boum
304 1820 444 1859 mugitus
472 1819 589 1849 imitari
626 1830 731 1851 amnes

164 1864 325 1895 videntur.
335 1864 578 1895 —Medicaturu-
588 1876 652 1896 vox
663 1877 734 1907 pro-

164 1912 250 1951 pria,
270 1918 301 1940 et
321 1910 360 1940 de
376 1910 436 1942 deo
449 1910 541 1941 fluvii
554 1912 734 1951 intelligen-

127 1976 132 1979 -
164 1955 220 1994 da,
244 1958 300 1996 qui
325 1967 393 1987 non
425 1957 558 1988 fortuito
569 1980 578 1994 ,
611 1958 667 1988 sed
693 1969 734 1988 ex

163 2001 339 2039 industrie,
361 2003 402 2033 ad
423 2003 578 2033 ultionem
597 2003 734 2044 aliquam

163 2055 200 2078 ut
213 2048 336 2080 Tiberis
353 2050 388 2078 in
404 2048 546 2079 secundo
561 2049 619 2081 lib.
640 2052 655 2080 Ι
670 2061 735 2080 car-

165 2095 268 2132 mine,
295 2094 504 2125 exercendam
516 2118 524 2133 ,
556 2095 658 2126 undas
699 2097 734 2126 in

165 2151 255 2182 agros
283 2140 464 2182 dispergere
476 2163 484 2179 ,
515 2141 733 2183 messibusque

163 2186 279 2219 inferre
297 2189 472 2229 perniciem
487 2185 686 2233 fingebatun

834 857 864 888 8.
885 858 923 887 Ut
942 868 953 887 .·
978 857 1056 888 alter
1078 860 1354 900 comparatIOnum

787 903 1035 944 praecedentium
1048 905 1213 943 terminus,
1231 906 1360 936 inverso

787 949 911 991 vulgari
935 949 1057 981 ordine.
1087 952 1253 991 Incipiunt
1269 951 1355 983 enim

787 995 852 1025 fere
881 1006 990 1026 omnes
1023 997 1270 1037 comparationes
1298 1009 1354 1039 pex-

787 1049 840 1078 ιιι,
859 1048 890 1071 et
907 1053 964 1082 per
986 1040 1053 1078 sie,
1073 1042 1119 1072 ιἰὰ
1127 1066 1138 1080 ,
1155 1043 1353 1074 concludun-

786 1093 849 1118 tur.
860 1105 906 1110 —-
916 1087 1061 1129 Agmina
1061 1087 1194 1129 ferrata
1205 1099 1217 1119 :
1225 1089 1304 1120 bene
1314 1090 1354 1120 de

785 1131 938 1163 barbaris.
961 1134 1096 1164 Romani
1119 1134 1204 1164 euim
1227 1133 1330 1166 loriciz‘
1342 1159 1353 1172 ‚

785 1177 819 1207 id
835 1185 880 1208 est
903 1179 1040 1219 tegmine
1057 1179 1074 1209 e
1095 1179 1172 1210 loris
1190 1180 1243 1211 vel
1258 1182 1352 1212 coriis

785 1229 938 1254 contexto
949 1225 1215 1266 protegebantur-3
1228 1226 1356 1258 barbari

785 1269 803 1298 ὸ
818 1269 930 1300 contr&
945 1271 1003 1301 toti
1020 1271 1104 1301 ferro
1115 1272 1281 1314 rigebant,
1297 1283 1358 1303 un·

786 1315 825 1346 de
853 1315 892 1347 de
921 1317 960 1346 iis
985 1316 1180 1348 Claudianus
1197 1327 1205 1349 :
1237 1318 1357 1349 Credas

785 1361 959 1391 simulacra
985 1362 1104 1393 moveri
1124 1365 1262 1400 Ferrea,
1288 1374 1358 1407 cog-

787 1415 929 1449 natoque
954 1407 1046 1438 viros
1068 1409 1190 1450 spir-are
1212 1411 1355 1442 metallo.

785 1454 1028 1495 —Primosqne
1051 1461 1083 1484 et
1112 1462 1271 1486 extremos
1290 1467 1357 1487 me-

787 1500 884 1530 tendo
905 1510 917 1529 .·
935 1499 952 1530 ὲ
976 1501 1088 1541 primis
1109 1512 1210 1543 usque
1225 1501 1265 1532 ad
1282 1502 1356 1533 ulti-

786 1557 855 1576 mos
896 1545 1038 1576 hostium
1075 1547 1204 1578 ordines
1236 1547 1355 1579 eaedem

784 1592 1012 1623 continuando.
1026 1610 1074 1616 —
1092 1593 1168 1624 Sine
1177 1594 1272 1624 clade
1285 1594 1356 1624 vic·

785 1645 855 1668 tor:
869 1637 984 1679 exigua
997 1649 1128 1670 suorum
1144 1640 1282 1670 militum
1294 1641 1357 1680 jac-

790 1683 880 1721 tura,
904 1694 976 1725 quae
994 1695 1043 1715 res
1063 1692 1100 1715 ut
1116 1686 1266 1717 Romanis
1282 1697 1355 1727 pre·

789 1730 956 1760 tiosissima
975 1738 1056 1768 erat,
1077 1731 1121 1761 sic
1145 1738 1177 1762 et
1191 1731 1267 1762 duci
1289 1732 1357 1762 lau-

788 1775 860 1806 dem
884 1776 1030 1807 afferebat
1053 1776 1235 1809 msximam.
1249 1779 1297 1802 -’-
1312 1779 1356 1809 Te

786 1821 906 1862 copias,
927 1830 956 1852 te
969 1822 1134 1853 consilium
1147 1831 1179 1854 et
1190 1831 1258 1854 tuos
1270 1825 1356 1854 Prae-

785 1868 878 1898 benee
898 1868 1016 1899 Divos:
1030 1869 1107 1899 vitat
1121 1870 1237 1900 Noster
1255 1869 1355 1900 soler-

786 1914 903 1944 tissime
916 1914 1082 1955 scopulum
1096 1914 1135 1945 ad
1144 1925 1238 1955 quem
1256 1915 1355 1946 ofsen-

786 1959 860 1990 dere
874 1970 941 1990 non
950 1962 1018 1990 sine
1030 1961 1174 2001 periculo
1184 1962 1353 2002 potuisset.

787 2007 905 2037 Omnes
929 2008 1096 2046 utriusque
1117 2008 1256 2048 privigni
1285 2018 1355 2038 suc-

787 2061 892 2082 cessus
904 2052 1084 2092 prudentiae
1099 2058 1130 2083 et
1145 2052 1283 2085 fortunae
1295 2055 1354 2084 im-

786 2099 952 2138 peratoriae
976 2097 1146 2129 debemur.

832 2154 864 2184 9.
880 2143 966 2174 Νὰιη
977 2154 988 2173 .·
1002 2143 1182 2174 notandum
1196 2145 1353 2176 transitio-

785 2189 837 2220 nis
869 2188 1051 2221 artificium.
1081 2192 1282 2232 Argumento
1309 2197 1354 2222 est
